2332 3824
99 125 141 190 46
474 123 611 182 ORATIO
631 123 678 179 IV.

99 291 137 335 eo
151 270 257 335 minus
271 268 482 355 philosophos
500 267 608 333 fuisse.
635 265 714 333 Vita
731 266 793 350 illi,
811 288 883 333 non
902 271 1066 358 oratione,

98 359 206 443 factis,
228 379 297 424 non
310 357 417 439 dietis,
439 356 598 440 moribus,
616 377 684 420 non
698 355 902 421 sermonibus
918 358 1065 442 philoso-

98 446 296 533 phabantur,
327 444 413 529 quod
444 444 672 528 pulcerrimum
706 464 743 507 ac
774 443 987 511 verissimum
1016 452 1063 513 cst

98 533 350 621 philosophandi
362 552 474 617 genus.
504 531 745 616 Integritatem,
761 531 938 618 iustitiam,
956 535 1062 620 fidem,

98 621 334 704 fortitudinem,
361 640 490 686 omnem
517 620 653 703 denique
675 619 828 684 virtutem
851 623 885 684 at
907 623 1062 710 colebant

98 711 161 794 ipsi
184 713 216 773 et
238 708 319 773 alios
342 709 445 773 colere
467 707 631 773 iubebant.
667 706 717 771 Eo
740 707 782 771 ad
803 709 934 773 tantam
964 713 1061 776 moie-

99 800 216 861 statem
238 799 334 880 atque
357 796 601 881 amplitudinem
623 797 852 880 pervenerunt,
874 800 914 861 ut
936 799 1060 882 plerae-

99 905 160 969 que
175 888 302 970 gentes,
320 885 407 970 quod
424 886 513 969 ipsae
532 884 610 951 olim
628 906 648 947 a
665 883 785 947 talibus
804 883 883 947 viris
903 885 1058 953 subactae

69 965 75 980 ’
99 993 137 1038 ac
160 977 327 1057 superatae
350 973 428 1057 sint,
451 994 548 1057 quam
566 972 652 1054 quod
669 972 758 1055 ipsae
776 970 857 1035 alias
871 971 1059 1060 devicerint,

78 1063 293 1146 praeclarius
329 1062 390 1126 sibi
427 1082 464 1126 ac
501 1060 672 1144 gloriosius
709 1059 837 1123 ducant.
892 1058 1059 1136 Quantam

100 1153 228 1235 oportet
242 1150 379 1234 gloriam
390 1149 491 1212 fuisse
504 1147 715 1232 vincentium,
734 1168 807 1211 cum
825 1147 972 1214 victitet
985 1155 1061 1235 post

100 1236 233 1301 saeculis
257 1235 457 1320 glorientur?
493 1233 616 1299 Eorum
638 1255 700 1320 ego
722 1234 929 1320 potissimum
952 1258 1060 1305 exem-

98 1324 175 1408 plis,
197 1323 428 1406 adolescentes,
450 1323 592 1388 incitabo
615 1345 674 1388 vos
697 1322 839 1407 quotidie
862 1327 963 1407 atque
986 1349 1061 1392 exa·

99 1433 204 1496 cuam,
231 1432 336 1495 neque
364 1411 466 1476 ullum
493 1432 532 1476 ex
554 1409 729 1477 Aristotele
751 1415 962 1495 praeceptum
984 1438 1060 1500 pro·

97 1500 214 1583 feram,
241 1500 330 1565 cuius
352 1521 421 1565 non
443 1520 482 1565 ex
503 1499 566 1565 hac
587 1499 666 1564 urbe
693 1499 832 1583 plurima
853 1501 1060 1588 maximeque

98 1587 236 1651 illustria
249 1589 395 1673 exempla
407 1591 602 1673 repetantur.
634 1584 796 1652 Constitui
810 1587 912 1672 enim,
923 1592 1059 1673 quando

98 1673 188 1758 Pius,
220 1675 360 1758 optimus
392 1698 430 1741 ac
457 1675 677 1740 sanctissimus
703 1673 866 1759 Pontifex,
898 1677 956 1759 qui
987 1679 1060 1763 ipse

99 1764 203 1828 omnis
234 1763 363 1828 virtutis
390 1763 659 1846 perfectissimum
690 1763 852 1846 exemplar
883 1767 948 1848 est,
984 1787 1061 1833 eum

99 1852 179 1917 mihi
203 1852 361 1918 honorem
392 1851 519 1935 detulit,
551 1854 588 1915 ut
615 1873 635 1914 a
661 1872 712 1916 me
738 1851 867 1915 virtutis
895 1855 928 1916 et
956 1855 1059 1921 officii

99 1944 271 2025 praecepta
300 1940 392 2006 vobis
424 1940 563 2024 proponi
594 1942 690 2023 atque
717 1939 875 2022 explicare
906 1941 1059 2029 voluerit,

99 2030 203 2095 modis
231 2029 380 2095 omnibus
408 2028 501 2113 eniti,
527 2030 565 2092 ut
593 2048 631 2092 ea
657 2048 726 2092 non
752 2026 842 2091 arido
870 2030 909 2116 et
929 2029 1057 2097 inculto

100 2120 133 2181 et
154 2118 297 2181 molestis
319 2117 485 2200 implicato
508 2114 751 2217 quaestionibus
764 2114 920 2216 orationis
936 2137 1057 2202 genere

99 2224 286 2353 alltc
308 2204 1057 2378 iilaqlifllitalatiilelnoffisll,“il

99 2376 208 2461 petitis
231 2397 270 2440 ex
291 2379 398 2442 vetere
420 2377 557 2444 historia
575 2377 728 2462 exemplis
749 2378 931 2444 illuminato
956 2384 1057 2466 atque

100 2464 261 2528 distincto.
297 2463 376 2531 Peto
400 2468 509 2532 autem
531 2487 551 2528 a
572 2465 677 2549 vobis,
703 2467 753 2550 ut,
780 2466 808 2530 si
831 2467 919 2531 etin
941 2468 982 2532 iis
1006 2492 1057 2535 re·

99 2552 174 2636 bus,
206 2573 286 2636 quas
317 2556 457 2620 tractare
488 2552 629 2635 institui,
667 2575 826 2618 summam
859 2554 1058 2639 dignitatem

103 2641 209 2704 inesse
233 2641 379 2726 cernitis,
406 2646 440 2706 et
461 2663 512 2706 me
534 2640 632 2705 nullis
660 2641 793 2727 vigiliis,
815 2643 912 2707 nullis
935 2644 1057 2711 labori·

99 2728 173 2810 bus,
196 2729 278 2793 nulli
301 2729 437 2815 denique
465 2729 512 2794 rei
537 2732 739 2814 parcentem,
766 2734 804 2795 ut
825 2731 940 2795 vestris
968 2753 1058 2797 com-

99 2816 203 2881 modis
231 2819 416 2902 consulam,
448 2817 610 2900 videbitis,
636 2817 828 2882 industriam
850 2838 956 2881 meam
984 2820 1057 2885 dili-

100 2906 212 2990 gentia
235 2928 272 2972 ac
294 2906 520 2972 benevolentia
542 2908 651 2971 vestra
675 2906 842 2971 adiuvetis.
864 2917 951 2967 Dm.

496 3204 655 3216 -uu—-u-
