2332 3824
97 180 161 245 180
445 177 581 235 ORATIO
599 177 701 235 xan

95 315 170 390 rum
205 324 349 409 praemia
383 326 531 407 peterent
570 321 682 404 otiosi3
723 342 833 406 neque
869 345 946 389 esse
985 326 1065 409 quod

98 413 268 497 quisquam
290 414 439 478 nostrum
466 411 527 476 sibi
548 409 752 475 blandiretur
772 414 846 475 'aut
874 412 1062 498 cuiusquam

98 524 116 567 e
138 502 260 566 nostris
283 500 425 566 studium
448 502 481 564 et
507 498 711 582 diligentiam
733 519 809 562 cum
837 500 898 564 illa
922 506 1062 567 veterum

97 589 256 673 pertinaci
288 591 322 652 et
351 587 511 652 indomita
540 586 686 651 discendi
716 586 900 670 cupiditate
935 593 1060 655 conten-

99 677 196 743 deret.
232 676 310 741 Illos
333 675 483 741 incensos
506 677 540 739 et
560 673 781 740 inflammatos
804 696 922 742 amore
953 678 1061 744 doctri·

98 786 173 847 nae,
209 763 359 829 omnibus
392 764 454 828 sibi
485 763 556 828 aliis
591 762 816 846 voluptatibus
849 765 1061 851 interdixisse,

97 852 144 916 rei
167 851 336 918 familiaris
364 873 475 917 curam
502 850 670 934 abiecisse,
700 850 789 936 cibo,
820 857 922 938 potu,
952 876 1059 922 somno

99 940 284 1024 saepissime
321 940 528 1024 abstinuisse,
563 959 658 1004 omne
695 937 758 1003 sibi
793 942 931 1024 tempus
965 945 1060 1028 perire

98 1033 201 1114 ratos,
228 1030 315 1113 quod
340 1050 410 1094 non
435 1029 471 1095 in
500 1027 608 1093 studio
640 1028 831 1111 poneretur,
863 1050 939 1094 non
973 1031 1059 1097 modo

98 1118 293 1183 valetudinis
312 1116 492 1201 dispendio,
515 1115 571 1180 sed
587 1115 689 1198 ipsius
708 1114 795 1179 vitae
814 1117 969 1200 periculo
988 1121 1060 1186 bene

100 1207 163 1270 emi
202 1208 369 1289 putantes,
408 1205 495 1288 quod
534 1206 603 1268 tam
641 1203 805 1268 ferventer
846 1205 1061 1274 adamassent

98 1291 168 1357 Nos
196 1292 282 1375 quod
310 1313 437 1375 somno,
467 1292 553 1375 quod
579 1290 816 1375 voluptatibus,
841 1295 937 1376 quod
967 1297 1060 1362 avari·

98 1379 177 1463 tiae,
200 1378 285 1463 quod
308 1379 477 1444 ambitioni
499 1379 653 1464 temporis
677 1382 836 1463 superest,
867 1384 1061 1450 collocamus

99 1468 135 1533 in
160 1468 278 1533 litteris
305 1471 351 1553 et,
382 1489 455 1533 cum
486 1468 612 1552 quidvis
648 1467 756 1551 potius
787 1488 945 1556 agamus,
974 1474 1061 1538 mira·

99 1578 186 1640 mur,
207 1557 347 1641 impares
369 1578 439 1621 esse
461 1577 522 1622 nos
544 1556 597 1640 iis,
619 1556 675 1639 qui
697 1555 761 1620 hoe
781 1576 889 1622 unum
912 1562 1061 1646 agebant.

100 1642 275 1710 Memoriae
302 1645 466 1729 proditum
493 1647 555 1728 est,
581 1665 655 1708 cum
680 1644 822 1727 populus
848 1643 1060 1714 Atheniensis

101 1732 228 1798 decreto
256 1734 407 1818 cavisset,
437 1736 475 1798 ut
502 1732 606 1816 capite
637 1733 754 1815 lueret,
785 1731 814 1796 si
846 1734 923 1816 quis
955 1736 1060 1823 Mega·

101 1821 204 1886 rensis
226 1822 341 1906 pedem
362 1823 399 1887 in
419 1819 504 1886 Astu
525 1819 701 1903 intulisset,
722 1819 910 1907 Euclidem,
936 1827 996 1910 qui
1016 1827 1060 1890 in·

102 1908 208 1974 didem
239 1913 310 1974 erat
336 1909 562 1992 Socratemque
589 1911 665 1973 ante
691 1907 725 1971 id
752 1909 923 1976 decretum
956 1913 1059 1979 audire

102 2001 265 2081 coeperat,
288 2020 362 2063 cnm
384 1997 584 2063 sermonibus
607 1996 700 2064 illius,
716 2016 824 2061 carere
842 1999 1059 2086 nolletque

102 2085 193 2169 tidie,
217 2107 294 2151 cum
320 2087 611 2169 advesperasceret,
641 2083 754 2148 tunica
780 2085 884 2171 longa
912 2091 1059 2155 muliebri

102 2174 251 2239 indutum
274 2178 307 2239 et
323 2175 514 2240 versicolore
532 2173 630 2258 pallio
650 2172 815 2255 amictum,
838 2177 951 2259 capite
970 2183 1059 2263 atque

103 2282 158 2325 ore
185 2264 305 2346 relato,
331 2262 473 2347 Megaris
496 2260 643 2326 Athenas
666 2260 707 2325 ad
730 2258 898 2328 Socratem
926 2287 1056 2333 comme

103 2369 157 2411 are
190 2351 223 2412 et
254 2351 314 2415 sub
345 2351 450 2416 lucem
482 2350 594 2414 eodem
624 2352 743 2414 ornatu
774 2349 816 2413 ad
848 2372 930 2418 suos
963 2357 1059 2422 redire

104 2436 243 2500 solitum.
288 2438 386 2502 Tanti
417 2437 555 2521 putabat
586 2437 840 2503 studiosissimus
874 2441 1061 2509 adolescens

103 2523 212 2606 aliqua
238 2526 353 2589 saltem
374 2525 479 2588 noctis
507 2527 598 2608 parte
622 2523 788 2591 Socratem
810 2527 939 2613 audire,
967 2536 1063 2597 ntea

103 2612 143 2677 de
166 2633 280 2677 caussa
302 2615 335 2676 et
357 2611 493 2697 singulis
514 2612 665 2678 noctibus
683 2613 821 2698 amplius
843 2617 1064 2705 quadraginta

103 2700 206 2766 millia
226 2722 381 2788 passuum
403 2700 558 2767 conficere
580 2705 614 2767 et
630 2702 732 2768 vitam
749 2724 842 2768 suam
858 2703 896 2768 in
913 2712 1064 2790 apertum

105 2791 277 2859 discrimen
313 2813 471 2880 exponere
507 2813 575 2858 non
610 2794 780 2856 vereretur.
831 2790 955 2858 Mirum
998 2818 1064 2867 non

105 2885 168 2966 est,
194 2886 287 2949 tanto
310 2905 371 2949 nos
394 2883 441 2948 eis
462 2882 630 2946 inferiores
653 2900 721 2944 esse
749 2878 911 2965 doctrina,
939 2888 1064 2966 quanto

105 2970 270 3035 doctrinae
294 2993 402 3036 amore
423 2970 591 3034 inferiores
615 2989 732 3033 sumus.
762 2966 824 3032 Sed
848 2967 887 3032 de
909 2973 1065 3057 neglectu

104 3054 263 3120 bonarum
295 3059 413 3122 artium
444 3059 476 3118 et
507 3054 546 3117 de
578 3056 634 3121 illo
666 3055 759 3139 quasi
783 3057 917 3140 torpore
944 3081 985 3123 ac
1014 3083 1064 3126 ve·

103 3141 210 3221 terno,
234 3143 289 3224 qui
310 3143 377 3207 iam
397 3142 522 3225 pridem
542 3141 695 3208 iuvenum
721 3146 907 3209 nostrorum
936 3149 1064 3215 animos

104 3229 286 3309 occupavit,
318 3233 351 3293 et
373 3228 438 3292 dixi
461 3247 554 3310 saepe
581 3230 661 3295 alias
687 3234 723 3295 et
749 3232 892 3297 dicturus
921 3256 1010 3321 sum,
1038 3237 1064 3302 si

104 3312 188 3378 forte
211 3312 345 3378 dicendo
369 3335 442 3378 eum
468 3318 615 3382 excutere
642 3322 675 3383 11
701 3320 826 3404 aliquos
853 3342 981 3403 eorum,
1008 3325 1065 3411 qui

104 3425 156 3468 me
179 3401 323 3484 audient,
345 3401 482 3467 excitare
505 3403 546 3468 ad
569 3405 772 3490 vigilantiam
795 3409 928 3491 possim.

170 3490 316 3557 Alteram
338 3511 484 3556 caussam
506 3513 574 3558 esse
602 3494 766 3578 dicebant,
788 3517 872 3578 quae
894 3501 1063 3584 profectus
