2332 3824
141 204 203 270 156
504 202 640 259 ORATIO
658 201 732 258 XVI.

139 349 218 418 boni
249 371 287 414 ac
318 349 419 414 fortes
450 350 545 432 plura
571 348 605 412 et
631 346 780 432 graviora
806 347 1019 434 pertulerint,
1053 370 1104 416 co·

188 438 299 503 overit.

141 457 186 523 gn
207 524 328 602 Quodsi
350 524 422 609 quis
445 524 504 589 sub
523 522 722 608 principibus
742 523 996 606 corruptissimis
1015 524 1104 590 viros

141 614 298 699 singulari
337 612 456 678 virtute
503 611 666 695 praeditos
707 611 851 676 extitisse
887 633 957 676 non
998 617 1105 698 putat,

141 723 260 786 magno
288 702 323 765 in
350 721 457 765 errore
484 702 639 765 versatur.
678 698 770 765 Vixit
796 697 857 763 sub
886 698 1035 784 Tiberio,
1069 705 1105 765 ut

142 793 264 854 ceteros
287 791 425 872 taceam,
452 785 674 871 Germanicus,
702 787 753 851 cui
775 807 836 872 ego
865 788 955 852 omni
984 807 1105 874 genere

141 877 245 941 laudis
267 897 310 941 ne
333 898 372 940 ex
392 876 457 940 illis
480 876 609 960 quidem
630 875 793 940 veteribus
809 873 969 940 Romanis
993 898 1105 960 quem·

142 985 239 1049 quam
276 968 448 1049 antepono.
472 1033 473 1036 ,
497 964 589 1030 Vixit
624 963 684 1028 sub
721 960 857 1028 Claudio
895 961 1035 1049 Seneca,
1073 968 1106 1030 et

143 1051 282 1119 Senecae
319 1072 514 1137 quamquam
554 1052 693 1117 fortasse
733 1073 793 1135 par
827 1071 939 1135 nemo,
983 1052 1105 1118 similes

142 1144 253 1207 tamen
270 1141 373 1206 multi.
399 1140 540 1205 Neronis
558 1142 647 1204 aetas
670 1140 789 1204 multos
811 1138 940 1223 habuit,
965 1161 1106 1224 quorum

143 1231 295 1295 virtutem
326 1229 380 1294 vix
415 1228 517 1311 ipsius
554 1228 633 1292 vitia
665 1229 849 1311 aequarent.
895 1225 1106 1313 Omninoque

142 1318 189 1380 ita
225 1320 287 1399 est,
322 1319 360 1380 ut
395 1315 508 1380 dicam.
556 1313 604 1380 Ut
639 1316 781 1398 palmam
818 1315 910 1379 aiunt
947 1316 1107 1382 adversus

144 1425 256 1487 onera,
283 1403 329 1468 sic
355 1402 457 1468 virtus
480 1401 633 1468 adversus
655 1403 770 1467 vitium
793 1405 968 1467 contumax
992 1406 1107 1490 surgit,

144 1495 177 1557 et
212 1496 250 1558 ut
283 1492 320 1557 in
350 1488 476 1557 Aetnae
509 1490 629 1556 montis
662 1490 840 1574 cacumine,
874 1490 932 1554 ubi
964 1493 1107 1558 maxime

144 1581 227 1645 viret
257 1579 400 1664 flamma,
435 1579 569 1644 herbam
601 1600 727 1663 quoque
758 1578 931 1642 finitimam
964 1582 1107 1646 maxime

144 1668 246 1731 virere
282 1668 467 1752 perhibent,
507 1667 599 1751 quasi
633 1668 705 1750 ipsa
741 1684 849 1731 secum
886 1668 1107 1734 contendente

144 1759 263 1820 natura
303 1758 336 1820 et
375 1756 506 1822 nolente
550 1755 782 1820 fecunditatem
822 1753 883 1819 soli
922 1755 1108 1822 vicinorum

110 1860 115 1867 ‘
144 1844 271 1931 ignium
289 1844 401 1910 ardore
420 1843 576 1928 superari:
600 1843 645 1907 sic
663 1843 865 1927 plemmque,
886 1842 944 1906 ubi
962 1845 1108 1910 maxima

145 1934 225 1999 vitia
243 1934 464 2016 dominantur,
481 1931 638 1996 maximae
656 1931 792 1996 virtutes
810 1935 999 2016 erumpunt,
1023 1954 1107 2016 quae

147 2043 220 2087 cum
251 2022 315 2086 illis
348 2023 510 2085 certamen
547 2019 738 2103 suscipiant,
775 2021 820 2102 et,
856 2017 884 2082 si
921 2021 1106 2103 superiores

147 2131 216 2175 esse
238 2130 307 2174 non
328 2109 468 2193 possint,
494 2129 562 2173 non
588 2111 699 2172 tamen
725 2106 873 2171 hostibus
901 2107 968 2170 suis
992 2109 1107 2174 trium·

146 2198 248 2281 phum
289 2198 358 2263 sine
399 2196 603 2261 dimicatione
643 2195 831 2260 concedant.
878 2191 956 2259 Non
993 2195 1106 2282 igitur,

147 2286 175 2349 si
204 2285 349 2367 plerique
384 2284 600 2368 Imperatores
639 2283 749 2350 vitiosi
789 2282 935 2366 fuerunt,
978 2282 1106 2350 idcirco

147 2371 242 2436 bonis
274 2375 307 2436 et
337 2372 471 2437 utilibus
503 2372 656 2453 exemplis
682 2375 877 2455 temporum,
908 2369 1027 2453 quibus
1057 2374 1108 2437 illi

147 2480 254 2523 rerum
286 2459 383 2542 potiti
414 2463 503 2542 sunt,
538 2459 675 2525 historia
706 2459 846 2523 caritura
881 2460 944 2542 est,
980 2460 1039 2524 sed
1075 2465 1108 2525 et

147 2548 219 2631 ipsa
244 2547 392 2630 improba
419 2546 564 2629 exempla
593 2566 655 2609 nos
684 2545 848 2610 interdum
879 2545 919 2610 ad
950 2546 1108 2613 virtutem

149 2636 277 2718 acuent3
305 2634 463 2699 cautiores
491 2635 577 2697 certe
604 2636 637 2697 et
664 2634 929 2699 consideratiores
953 2633 1108 2702 efficient.

148 2721 199 2789 Ex
221 2723 278 2789 illa
299 2724 456 2808 perpetua
478 2721 682 2788 simulatione
706 2721 838 2807 liberii,
866 2744 904 2787 ex
929 2721 987 2786 illo
1012 2726 1108 2790 vultu

150 2833 187 2878 ac
210 2834 356 2879 sermone
379 2812 444 2878 alia
466 2813 587 2897 omnia,
610 2833 707 2895 quam
725 2832 806 2897 quae
825 2810 1003 2895 cogitabat,
1027 2835 1108 2897 prae

151 2924 184 2967 se
212 2903 335 2969 ferente
363 2903 520 2969 discemus
548 2905 641 2967 caute
668 2921 741 3002 cum
772 2898 971 2998 principibus
999 2921 1109 2987 agere,

149 2989 780 3159 stlta&{litsthtpttttt
800 2987 1111 3162 llilffiillunlffesstg

150 3161 277 3258 etiamsi
309 3163 459 3244 sciamus,
491 3161 614 3225 nescire
644 3183 749 3246 neque
776 3164 887 3247 altius,
918 3183 1017 3244 quam
1044 3165 1111 3249 ipsi

149 3246 263 3330 velint,
302 3249 338 3310 in
378 3268 489 3312 eorum
526 3267 644 3311 arcana
678 3255 856 3333 penetrare.
905 3248 1038 3314 Iuvabit
1074 3255 1112 3318 in

150 3332 265 3399 Seiano
293 3334 414 3418 videre,
446 3354 542 3416 quam
569 3335 753 3403 inlubrico
782 3339 825 3402 sit
852 3359 963 3403 eorum
992 3343 1111 3422 poten·

150 3424 210 3507 tia,
246 3421 301 3508 qui
337 3442 370 3486 se
405 3421 500 3486 malis
532 3424 655 3488 artibus
687 3424 772 3508 apud
800 3426 962 3510 principes
996 3431 1112 3495 omnia

150 3533 245 3598 posse
276 3513 397 3577 rentur.
436 3530 595 3594 quamque
632 3533 740 3596 saepe,
775 3513 832 3578 ubi
866 3514 920 3578 diu
951 3514 988 3577 in
1025 3518 1112 3584 alios
