2332 3824
111 184 176 250 222
448 184 656 241 PRAEFATIO
675 185 736 241 VII.

112 351 163 396 me
191 352 228 396 ec
251 330 424 396 sollicitum
444 330 599 414 habebat,
628 329 727 414 quod,
754 350 826 393 eum
849 331 946 392 antea
969 331 1070 395 multa

112 442 170 504 per
191 440 258 504 me,
280 420 383 484 multa
404 440 462 502 per
485 418 604 483 amicos
627 421 776 500 expertus
799 438 915 499 essem,
937 420 976 481 ut
999 439 1070 482 eum

112 508 229 572 librum
252 507 408 593 inspie'ere
431 528 532 591 eoque
554 506 695 570 triduum
718 508 774 569 aut
796 504 1003 589 quatriduum
1022 528 1069 570 ar·

112 595 235 661 bitratu
252 617 323 661 meo
341 595 390 658 uti
407 615 550 677 possem,
569 615 737 694 nunquam
757 595 967 675 successerat,
990 615 1070 658 sem-

112 705 231 768 perque
241 705 334 748 11111
344 682 469 766 aliquis,
483 703 556 747 eum
565 681 631 746 iem
640 681 769 765 iamque
778 681 812 744 id
822 681 907 766 quod
917 681 1070 764 optabam

113 774 339 836 consecuturus
362 770 499 853 viderer,
522 774 656 835 conatus
680 790 791 834 omnes
814 789 903 833 meos
922 769 1070 834 eluserat.

113 857 219 924 Statui
231 861 342 922 tamen
346 907 355 943 ,
369 820 542 942 antequam
557 857 597 921 ab
616 857 744 940 incepto
758 856 959 939 desisterem,
974 857 1071 921 semel

113 946 211 1011 etiam
238 947 430 1031 experienda
457 946 566 1010 omnia
597 966 680 1028 esse,
711 948 756 1027 et,
789 944 880 1030 quasi
911 945 1070 1009 munitam

113 1035 255 1119 aliquam
283 1055 388 1099 arcem
416 1033 470 1098 diu
497 1034 618 1097 frustra
645 995 855 1115 obsedissem‚
881 1031 1070 1117 priusquam

113 1144 147 1187 re
182 1123 302 1187 infecte
338 1122 545 1205 discederem,
586 1121 735 1185 omnibus
771 1082 867 1185 simdl
903 1121 1071 1204 machinis,

114 1211 262 1275 omnibus
290 1211 440 1293 operibus
469 1208 510 1272 ad
542 1231 670 1272 murum
698 1208 849 1291 admotis,
880 1209 1071 1272 tentandam

112 1297 333 1378 irruptionem.
380 1296 462 1370 Quid
485 1296 634 1380 quaeris?
661 1299 782 1378 puncto
809 1296 966 1378 temporis
990 1297 1070 1361 obti-

113 1383 173 1469 git,
197 1384 282 1468 quod
302 1386 408 1449 totum
430 1405 530 1467 prope
552 1383 718 1447 biennium
740 1384 959 1468 nequidquam
982 1388 1071 1469 opta·

112 1493 230 1538 veram.
260 1470 293 1538 N
294 1494 338 1537 on
355 1472 450 1552 modo
469 1472 556 1536 enim
573 1471 654 1536 mihi
672 1471 824 1535 eximium
842 1472 935 1536 illum
951 1472 1070 1537 librum

112 1560 270 1642 inspicere
310 1561 413 1645 licuit,
455 1560 540 1644 quod
581 1580 641 1644 ego
677 1559 784 1642 ipsum
819 1559 1002 1642 posuissem
1037 1561 1072 1625 in

113 1648 224 1732 magni
246 1648 391 1712 beneficii
412 1649 496 1733 loco,
525 1648 581 1712 sed
607 1647 704 1711 etiam
726 1647 919 1732 permissum
946 1652 1009 1732 est,
1036 1651 1073 1712 ut

114 1756 187 1799 eum
209 1757 334 1801 mecum
353 1737 509 1800 auferrem
528 1735 677 1820 domique
699 1734 864 1819 haberem,
887 1735 965 1800 data
982 1736 1071 1821 prius

113 1823 188 1907 fide,
216 1845 289 1888 eum
316 1825 401 1909 quod
423 1823 647 1908 longissimum
674 1826 772 1906 esset,
799 1826 874 1887 ante
898 1824 1071 1908 septimum

114 1911 199 1974 diem
212 1911 372 1976 redditum
386 1933 423 1976 ac
436 1911 621 1976 restitutum
634 1911 682 1975 111.
706 1911 788 1975 llum
805 1932 890 1994 vero,
903 1915 1071 1997 tamquam

113 1999 212 2084 longo
235 2003 379 2084 tempore
402 2000 568 2064 collectam
591 1999 679 2064 sitim
702 2000 827 2082 explere
850 1999 997 2085 cupiens,
1025 2001 1071 2064 111

114 2107 187 2149 eum
216 2088 306 2152 avide
335 2089 536 2170 pervolutare
564 2090 608 2170 et,
635 2109 707 2151 cum
733 2087 787 2170 iis,
815 2088 870 2171 qui
898 2089 939 2151 ab
968 2089 1070 2153 erudi·

114 2174 240 2238 tissima
264 2197 301 2238 ac
324 2174 569 2259 diligentissimo
592 2175 675 2257 vira,
701 2173 898 2259 Hieronymo
922 2174 1070 2240 Ferraria

115 2262 276 2325 emendati
298 2267 398 2345 erant,
421 2263 563 2328 conferre
586 2263 693 2347 coepi,
719 2266 757 2326 ut
782 2285 847 2346 me,
874 2285 1070 2349 quamquam

115 2349 255 2433 graviter
277 2353 444 2432 aegrotare
467 2371 647 2434 coeperam,
674 2372 741 2414 non
762 2351 954 2416 valetudinis
978 2354 1071 2436 ratio,

114 2458 181 2500 non
199 2436 262 2500 cibi
279 2437 459 2521 potionisve
477 2439 664 2521 necessitas,
685 2459 753 2503 non
770 2439 823 2503 ille
842 2439 910 2523 ipse
926 2442 1071 2519 omnium

116 2523 266 2606 domitor,
289 2526 326 2587 ut
344 2546 417 2587 eum
439 2529 553 2608 poetae
568 2524 681 2590 Graeci
699 2530 828 2610 vocant,
852 2549 872 2590 a
892 2529 962 2591 tarn
986 2529 1071 2593 dulei

115 2613 322 2694 occupatione
345 2616 456 2695 posset
478 2634 609 2678 somnus
632 2613 796 2679 abducere.
828 2614 997 2681 Praeclare
1017 2640 1070 2681 au-

114 2702 181 2764 tem
203 2699 283 2766 mihi
302 2701 447 2765 constitit
465 2721 581 2786 operae
599 2723 689 2767 meae
712 2702 843 2768 fructus.
880 2701 958 2768 Non
983 2706 1072 2770 enim

114 2788 206 2854 facile
230 2790 398 2856 crediderit
421 2791 603 2876 quisquam,
627 2812 722 2876 quam
744 2792 847 2854 multa
867 2791 903 2855 in
924 2792 977 2857 his
1002 2815 1071 2858 ors·

115 2877 257 2944 tionibus
280 2881 406 2963 mutila,
430 2902 527 2964 quam
549 2881 651 2944 multa
676 2883 795 2944 temere
823 2879 945 2980 addita,
973 2902 1072 2965 quam

114 2968 217 3030 multa
239 2971 390 3050 corrupta
413 2989 449 3031 ac
473 2969 625 3048 depravet
626 2991 646 3032 1
666 2967 876 3051 legerentur
866 2989 901 3032 m
920 2969 1072 3034 omuibus

115 3053 186 3117 aliis
208 3055 325 3138 libris,
335 3074 416 3137 quae
437 3054 532 3118 huius
555 3075 615 3135 ope
638 3058 776 3141 expleta,
797 3057 932 3140 resecta,
956 3061 1074 3122 sanata

114 3142 147 3202 et
169 3141 349 3222 integritati
371 3161 447 3204 suae
470 3139 619 3205 restituta
641 3146 725 3209 sunt

179 3224 312 3290 Librum
338 3227 488 3290 autem
478 3248 585 3310 1psum
612 3230 705 3295 credo
733 3232 880 3318 equidem
907 3235 983 3296 anta
1011 3234 1072 3299 hos

115 3313 335 3398 septingentos
367 3335 470 3378 annos
502 3319 667 3381 exaratum
693 3340 771 3384 esse.
818 3319 910 3394 Quod
937 3322 1010 3385 et
999 3344 1073 3406 ipsa

109 3403 166 3466 litt
137 3406 293 3468 1111111111
320 3401 532 3503 conformatio
560 3407 701 3470 ostendit
725 3407 886 3491 plerisque
913 3409 993 3473 locis
1019 3431 1072 3496 ge-

91 3490 189 3559 mma
218 3493 262 3582 11,
291 3512 376 3580 quae
404 3489 441 3558 in
468 3489 643 3560 Paudactis
666 3493 864 3558 Florentinis
889 3498 958 3560 et
947 3519 984 3562 m
1012 3499 1074 3564 Τ1
