2332 3824
173 179 235 244 160
533 177 668 235 ORATIO
687 178 761 235 XVI.

172 347 233 410 que
265 325 420 410 religione
447 319 677 409 Iudaeorum*)
714 324 813 409 vulgo
846 323 934 388 inter
966 325 1132 410 imperitos

172 417 205 479 et
226 413 371 478 veritatis
393 412 525 498 ignaros
549 411 870 495 circumferebantur,
899 411 941 476 61
971 434 1012 478 ea
1039 415 1132 498 respi-

173 503 273 586 ciens,
292 499 440 565 Tacitum
453 499 693 565 mendaciorum
711 499 980 584 loquacissimum
995 503 1131 586 vocarit:

173 589 345 672 eademque
363 609 414 652 res
433 609 587 672 magnam
605 587 718 652 Tacito
738 587 824 672 apud
842 589 967 654 multos
983 590 1131 655 conflavit

172 678 348 742 infamiam.
385 673 447 741 Sed
470 697 531 742 nos
555 677 582 741 si
603 675 666 740 hoc
687 679 833 760 tempore
852 675 937 740 nihil
960 678 1131 764 legendum

172 768 336 850 putamus,
363 763 427 828 nisi
453 765 540 847 quod
568 786 640 829 cum
663 760 848 829 Christiana
874 764 1041 850 religione
1063 788 1130 831 con·

173 851 305 936 sentiat,
324 852 511 918 omittamus
529 874 606 917 sane
625 873 737 918 omnes
754 853 828 918 illos
846 854 976 918 veteres
997 853 1130 920 Graecos

173 939 370 1025 Latinosque
389 941 570 1025 scriptores,
597 938 716 1006 Exulet
732 962 752 1004 a
766 937 1034 1007 Christianorum
1047 943 1129 1009 scho-

173 1030 212 1094 lis
234 1029 410 1114 Homerus,
433 1031 540 1094 erurlct
560 1028 722 1095 Hesiodus
744 1031 778 1093 et
799 1050 866 1094 uno
896 1030 1001 1094 verbo
1026 1052 1129 1097 omnes

175 1119 300 1203 antiqui
326 1120 449 1202 poetae.
488 1115 593 1183 Nemo
621 1120 671 1182 est
697 1117 783 1181 enim
811 1138 850 1181 ex
875 1117 956 1202 illis,
986 1121 1045 1204 qui
1070 1141 1132 1184 non

174 1205 317 1271 Deorum
344 1205 505 1288 infinitam
532 1205 694 1289 quandam
721 1205 966 1271 multitudinem
994 1208 1131 1273 inducat.

173 1292 277 1357 Nemo
300 1290 471 1356 Platonem
495 1294 650 1379 attingat:
678 1293 745 1358 eius
773 1294 859 1358 enim
886 1294 1001 1361 studio
1025 1297 1132 1380 depra-

174 1384 268 1445 vatus
295 1381 345 1444 est
372 1378 541 1464 Origenes:
578 1385 611 1445 et
643 1381 791 1448 fortassis
823 1403 863 1446 cx
894 1382 1014 1448 eodem
1042 1385 1133 1449 fonte

175 1469 293 1533 fluxere
324 1467 515 1534 Manichaei.
559 1467 664 1535 Nemo
695 1468 906 1536 Aristotelem
939 1471 1046 1558 legat,
1082 1473 1133 1557 qui

177 1578 257 1640 quas
280 1558 319 1622 16
341 1557 454 1624 mundi
473 1559 676 1641 aeternitate,
698 1579 780 1641 quae
804 1559 843 1622 16
860 1557 1009 1625 hominis
1028 1562 1132 1626 animo

176 1644 332 1729 disputat,
350 1647 395 1711 eis
413 1646 495 1711 nihil
512 1649 620 1731 potest
638 1644 840 1712 Christianae
858 1647 1016 1732 religioni
1034 1651 1133 1736 magis

176 1753 245 1798 esse
273 1736 479 1800 contrarium.
518 1733 741 1819 Repudientur
768 1731 933 1800 Ciceronis
966 1757 1044 1803 cum
1073 1740 1133 1822 ple·

176 1842 275 1907 raque
298 1823 374 1906 alia,
396 1826 466 1888 tum
487 1824 562 1888 libri
584 1823 754 1907 praecipue
778 1823 817 1888 de
838 1823 922 1907 fato,
947 1823 988 1889 de
1014 1826 1133 1892 divina·

176 1913 278 1994 tione,
302 1911 340 1975 de
358 1914 475 1976 natura
493 1912 636 1977 deorum:
659 1910 833 1976 manifesta
850 1911 937 1976 enim
956 1912 1134 1998 impietatis

177 2004 210 2064 et
239 1993 420 2077 ἀθεότητος
452 2000 575 2064 semina
605 2000 782 2064 continent.
826 1997 872 2063 At
902 1999 951 2064 illi
984 2003 1135 2068 vixerunt

177 2092 350 2174 antequam
373 2088 520 2156 Christus
547 2091 745 2172 nasceretur,
772 2087 906 2172 ideoque
935 2089 983 2154 eis
1006 2090 1134 2158 facilius

177 2178 302 2261 ignosci
319 2181 435 2262 potest.
464 2176 623 2261 Primum,
646 2177 673 2242 61
691 2198 772 2260 opus
791 2177 845 2260 sit,
868 2176 985 2242 docere
1002 2182 1134 2264 possim,

176 2264 261 2329 hanc
288 2267 526 2332 excusationem
556 2287 625 2331 non
655 2264 747 2329 valde
780 2264 820 2329 61
846 2263 880 2328 11
908 2266 997 2350 quod
1029 2271 1135 2356 agitur

177 2353 344 2436 pertinere.
376 2352 453 2419 Non
471 2354 557 2418 enim
581 2354 608 2418 61
626 2353 822 2435 antiquiores
844 2352 992 2440 fuerunt,
1015 2357 1134 2422 idcirco

177 2440 283 2504 minus
309 2461 425 2522 pravas
453 2441 621 2524 opiniones
652 2441 792 2505 inserere
817 2441 853 2505 in
879 2442 998 2507 animis
1026 2445 1133 2532 legen·

177 2528 259 2591 tium
276 2531 423 2610 possunt.
451 2527 513 2593 Sed
532 2529 643 2591 demus
660 2527 723 2592 hoc
737 2528 857 2613 aliquid
876 2551 955 2595 esse.
986 2530 1135 2599 Tollatur

177 2616 278 2701 igitur
304 2612 489 2681 Suetonius:
521 2616 556 2680 iu
587 2613 718 2681 Nerone
750 2618 836 2682 enim
868 2618 907 2683 16
939 2615 1134 2687 Christianis

178 2704 409 2773 contumeliose
441 2709 473 2771 et
503 2705 602 2791 impie
635 2703 832 2793 scripsit**).·
872 2705 950 2772 Non
981 2709 1135 2794 legantur

179 2796 334 2882 epistolae
355 2794 465 2863 Plinii:
493 2796 669 2862 ostendunt
695 2796 781 2859 enim
808 2815 881 2860 eum
908 2815 976 2860 nou
1003 2799 1134 2863 tantum

180 2886 384 2954 abhorruisse
411 2909 431 2951 a
457 2887 613 2971 religione
640 2887 765 2967 nostra,
797 2882 852 2947 sed
885 2883 984 2947 ctiam
1016 2885 1136 2951 iudicia

179 2977 356 3041 exercuisse
375 2975 527 3039 adversus
546 2972 745 3037 Christianos
768 2975 802 3036 et
823 2992 933 3036 corum
956 2975 1136 3039 nonnullos

179 3061 331 3126 adhibitis
358 3061 527 3126 tormentis
555 3057 595 3121 61
623 3059 808 3124 eiurandam
836 3056 956 3124 Christi
983 3061 1135 3127 militiam

179 3146 456 3233 compulisse***).
504 3145 658 3211 Deleatur
694 3147 900 3232 gravissimus
937 3150 971 3211 et
1001 3149 1136 3215 utilissi-

178 3250 250 3294 mus
296 3234 445 3318 scriptor,
489 3233 692 3300 Plutarchus:
738 3236 866 3301 easdem
910 3236 1011 3322 enim,
1053 3260 1136 3323 quas

181 3511 206 3566 X
232 3443 266 3567 3),
276 3437 365 3494 Tacit.
384 3439 455 3495 Hiat.
474 3438 507 3494 V.
527 3445 551 3496 2.
571 3446 613 3496 51.
698 3443 739 3514 **)
759 3460 819 3514 cap.
841 3450 882 3500 16.
969 3446 1029 3516 m)
1050 3448 1133 3519 epist.
