2332 3824
497 113 632 171 ORATIO
650 113 726 170 VIII.

136 263 346 327 monumenta
376 261 500 347 ingenii
527 281 565 325 ac
596 259 761 325 doctrinae
788 259 1025 345 magnitudine
1053 287 1062 327 l

137 352 309 435 struxerat,
328 370 366 414 ea
380 352 413 415 et
425 349 535 414 multis
549 352 625 433 post
638 347 747 431 ipsum
760 348 897 413 saeculis
912 349 1069 435 viguerur

137 441 183 523 et,
201 461 274 503 cum
291 441 405 522 postea
424 437 524 502 densa
542 435 699 520 quaedam
712 439 746 500 et
764 457 868 520 opaea
885 456 956 502 nox
971 460 1076 503 omne*l

136 547 237 611 prope
264 526 506 609 disciplinarum
536 526 641 590 lucem
672 523 893 608 exstinxisset,
928 545 971 590 ex
999 527 1083 592 oculi

137 617 247 698 erepta
268 612 454 678 incredibile
478 613 670 678 desiderium
693 613 743 677 sui
763 612 800 677 in
822 612 975 678 omnium
998 615 1088 680 erudi

136 706 243 766 torum
262 699 377 765 animia
394 701 602 786 reliquerunt.
637 699 733 765 Elate
751 704 785 765 et
802 700 981 786 magnifice
1001 702 1042 768 de
1061 724 1098 786 se,

137 793 174 853 ut
192 789 288 872 solet,
301 787 474 874 Pindarus,
492 789 548 854 sed
566 793 677 854 tamen
694 809 777 853 vere.
805 786 1015 855 statuarium
1033 811 1099 855 esse

138 897 171 940 se
193 879 307 962 negat,
334 878 390 962 qui
412 881 519 943 mutas
542 880 667 942 statuas
690 876 796 942 edolet
821 897 889 941 una
912 877 1041 943 defixas
1068 880 1100 942 in

137 965 220 1049 basi3
248 966 304 1030 sed
331 987 412 1056 quos
439 966 508 1051 ipse
536 966 683 1030 cantibus
710 964 776 1029 suis
804 963 960 1050 celebret,
990 988 1100 1033 eorum

137 1054 259 1119 famam
281 1057 368 1119 terra
389 1054 535 1138 marique
558 1052 667 1139 spargi
689 1073 727 1117 ac
750 1052 965 1118 disseminari.

205 1140 267 1207 Sed
285 1145 381 1206 erunt
397 1141 550 1226 fortasse,
568 1141 624 1225 qui
637 1141 738 1206 vitam
751 1140 927 1204 militarem
944 1141 1028 1209 huic
1045 1165 1100 1209 no

139 1232 224 1294 strae
242 1232 377 1312 pacatae
396 1231 492 1312 atque
506 1229 672 1294 umbratili
690 1228 955 1313 anteponendam
974 1235 1100 1315 putent.

138 1315 221 1381 Mihi
249 1316 378 1400 quidem
404 1316 540 1382 fortium
566 1318 708 1383 virorum
735 1317 889 1381 virtutem
918 1317 1101 1385 detrectare

139 1408 196 1470 aut
217 1404 341 1490 conari,
363 1407 402 1471 ut
423 1405 599 1490 quidquam
621 1426 660 1470 ex
682 1425 793 1470 eorum
816 1404 922 1490 gloria
944 1405 1101 1492 deteram

138 1492 1101 1665 tillut²⁰plllltlnltlt¹lilldltnlfflilll'emprlll

139 1668 251 1733 striam
278 1604 398 1736 a'dqeos
425 1668 633 1735 celebrandos
656 1630 885 1734 conferendam
907 1689 1045 1758 censeo,
1072 1676 1104 1738 et

139 1757 202 1824 hoc
223 1757 331 1844 ipsum
357 1779 492 1824 numero
514 1757 600 1821 inter
621 1757 795 1841 praecipua
816 1755 917 1840 bona,
950 1779 1038 1842 qnae
1062 1761 1102 1825 ab

140 1847 263 1912 artibus
289 1846 410 1912 nostris
441 1846 477 1910 in
503 1845 604 1910 vitam
634 1844 803 1910 hominum
829 1849 981 1931 manant,
1013 1849 1104 1933 quod

141 1956 251 2002 earum
264 1957 325 2021 ope
337 1935 503 2020 praeclara
520 1934 650 2000 illorum
666 1933 812 1998 facinora
826 1932 866 1996 ad
880 1932 1105 2002 immortalem

140 2024 340 2109 posteritatis
362 2022 551 2088 memoriam
573 2024 810 2088 consecrantur.
848 2018 911 2085 Sed
933 2023 1052 2088 tamen
1076 2025 1104 2090 si

141 2114 212 2195 quis
235 2133 344 2177 secum
365 2112 401 2175 in
424 2112 531 2176 animo
550 2113 691 2195 reputet,
713 2131 794 2194 quae
812 2107 881 2210 vita
899 2107 943 2210 sit
957 2110 1030 2176 eius
1044 2112 1104 2179 ho·

140 2220 251 2350 till
266 2196 1104 2374 nstititltlltsslt‘lttt,tlltt'tt

142 2372 197 2456 qui
210 2372 251 2436 ab
266 2372 482 2437 adolescentia
496 2373 593 2436 armis
606 2371 783 2436 tractandis
798 2374 953 2456 assuetus,
967 2374 1032 2440 sub
1047 2377 1103 2443 dio

142 2461 268 2544 saepius
294 2480 390 2544 quam
408 2457 468 2523 sub
486 2462 587 2542 tecto,
609 2459 668 2523 sub
691 2460 829 2543 pellibus
848 2461 976 2545 saepius
1000 2484 1104 2547 qnam

142 2548 228 2613 domi
263 2569 411 2612 somnum
443 2547 562 2631 capiat,
598 2547 651 2611 vix
683 2547 816 2613 dubium
845 2548 916 2613 fore
949 2549 1105 2638 arbitror,

141 2638 216 2700 utra
237 2637 351 2703 melior
372 2638 406 2701 et
426 2635 531 2720 magis
550 2636 728 2720 expetenda
750 2637 800 2701 sit.
836 2635 980 2701 Alterius
1003 2659 1105 2707 aures

141 2724 293 2790 tubarum
316 2729 348 2792 et
369 2724 524 2791 lituorum
547 2727 580 2790 et
598 2746 754 2791 cornuum
777 2725 941 2810 elongem,
964 2726 1104 2794 alterius

141 2810 308 2880 Musarum
331 2819 488 2882 concentu
507 2816 540 2879 et
557 2814 719 2898 Apollinis
736 2813 854 2878 fidibus
876 2811 1009 2878 adsidue
1027 2838 1104 2900 per·

142 2906 270 2967 sonant.
301 2904 393 2969 illius
416 2904 500 2970 oculi
523 2902 618 2967 caede
637 2905 670 2966 et
692 2901 850 2987 sanguine
872 2902 905 2966 et
930 2901 1105 2991 incendiis,

141 2985 237 3052 huius
252 2991 487 3056 admirabilium
500 2993 635 3053 naturae
650 3010 782 3073 operum
800 2990 953 3074 adspectu
971 2992 1006 3054 et
1022 3011 1103 3056 con-

141 3076 353 3158 templatione
375 3081 559 3162 pascuntur.
591 3075 650 3139 Ille
669 3078 778 3142 autin
795 3077 866 3161 ipso
885 3076 1001 3142 aetatis
1019 3077 1104 3146 flore

141 3162 253 3227 hostili
267 3165 375 3248 gladio
389 3164 680 3249 transverberatur,
700 3168 757 3230 aut
775 3186 906 3231 mancos
925 3186 963 3229 ao
976 3164 1104 3234 debiles

143 3254 232 3315 artus
255 3255 289 3315 et
310 3252 472 3339 insignem
494 3251 694 3318 cicatricibus
721 3255 846 3318 vultum
872 3252 1014 3319 referens
1042 3253 1104 3320 do·

142 3363 232 3406 mum
257 3339 354 3423 redit,
383 3341 437 3406 hic
464 3346 501 3407 ut
528 3340 649 3424 animo,
679 3341 786 3406 itaet
813 3361 946 3425 corpore
971 3341 1104 3427 integer

143 3431 282 3516 vultum,
312 3428 375 3496 nisi
403 3434 559 3513 quantum
585 3447 685 3512 rugae
718 3428 853 3513 canique
880 3428 1103 3497 venerationis
