2332 3824
167 116 229 180 112
551 114 687 172 ORATIO
701 114 749 171 XL

165 263 334 328 contendo.
375 259 448 327 Scio
476 262 615 325 multum
640 260 796 325 interesse
822 260 911 324 inter
938 258 1118 326 Iuvenalem

35 410 38 415 .
166 357 198 416 et
233 350 416 436 Virgilium.
462 347 525 415 Sed
560 349 616 433 qui
651 349 756 413 solum
787 346 966 432 Virgilium
1003 349 1118 434 legerit,

164 442 258 504 tanto
286 441 450 523 praestare
479 459 554 502 eum
580 436 693 501 ceteris
721 435 850 500 credere
876 439 1016 520 poterit,
1048 437 1118 501 scire

165 550 233 594 non
255 527 386 611 poterit:
409 528 447 589 ut
470 526 512 590 ad
529 525 698 590 certiorem
714 523 817 608 ipsius
835 522 971 608 Virgilii
991 526 1118 610 gloriam

165 616 328 701 pertineat
359 613 458 677 etiam
489 613 570 678 alios
601 613 675 698 legi.
715 611 841 676 Deinde
873 633 944 676 non
971 614 1117 678 continuo

167 704 236 768 sola
259 700 497 787 cognoscenda,
524 723 607 785 quae
630 700 761 785 optima.
797 698 933 784 Alioqui
959 722 1032 767 non
1056 705 1117 766 tan·

165 793 236 855 tum
263 811 280 854 e
308 790 412 874 poitis
441 790 528 855 solus
555 788 726 875 Virgilius,
758 810 797 854 ex
826 789 1014 854 oratoribus
1041 790 1117 856 solus

167 876 293 962 Cicero,
330 878 386 943 sed
416 879 518 964 ipsius
549 876 681 963 Virgilii
710 898 813 942 unum
844 877 972 960 aliquot
1004 884 1118 963 peina,

168 964 332 1032 Ciceronis
367 988 434 1032 una
470 968 578 1050 aliqua
614 965 717 1030 oratio
749 964 889 1050 legenda
925 966 997 1031 erit
1035 965 1117 1033 (lette

168 1056 255 1121 enim
278 1060 310 1120 et
333 1055 463 1138 aliquod
484 1054 615 1138 Virgilii
636 1059 753 1138 poima
774 1055 807 1117 et
830 1053 941 1138 aliqua
964 1052 1118 1122 Ciceronis

169 1145 272 1210 oratio
299 1143 479 1226 principem
512 1142 619 1206 locum
646 1145 745 1206 tenet.
784 1139 832 1206 At
857 1163 956 1208 nemo
984 1165 1119 1228 unquam

167 1233 313 1314 repertus
346 1233 408 1314 est,
441 1229 495 1313 qui
523 1233 580 1293 aut
606 1228 784 1295 Homerum
814 1231 1029 1315 praecipuum
1059 1251 1119 1296 esse

167 1319 253 1383 inter
292 1319 405 1403 po'e‘tas
446 1321 594 1402 negaret,
635 1320 693 1383 aut
731 1321 904 1402 propterea
939 1319 1119 1402 Hesiodum,

169 1407 389 1491 Theocritum,
430 1404 643 1490 Apollonium
681 1405 859 1490 Rhodium,
905 1407 989 1473 alios
1031 1409 1120 1473 etiam

168 1495 337 1560 inferiores
364 1517 381 1559 e
408 1494 558 1559 manibus
584 1494 753 1558 hominum
775 1497 923 1559 excutere
947 1500 1119 1562 conaretur.

169 1581 238 1646 Nec
266 1584 340 1666 quia
369 1581 544 1667 Sophocles
569 1583 606 1646 in
636 1582 805 1667 tragoedia
835 1583 978 1668 excellit,
1010 1585 1119 1650 idcirco

169 1669 367 1756 Aeschylum
388 1670 640 1756 Euripidemque
663 1670 909 1735 contemnimus.

259 1827 339 1894 Nea,
356 1828 382 1882 si
395 1829 517 1896 priores,
536 1827 577 1881 ait
595 1825 773 1894 Horatius*),
793 1825 945 1883 Maeonias
962 1832 1036 1885 tenet

258 1899 340 1954 Sedes
357 1898 506 1965 Homerus,
526 1897 696 1952 Pindaricae
713 1897 798 1952 lateat

296 1969 413 2038 Ceaeque
430 1974 456 2023 et
473 1970 571 2024 Alcaei
587 1970 706 2023 minaces

330 2039 528 2110 Stesichorique
545 2055 641 2110 praees
660 2039 819 2094 Camacaae.

171 2182 255 2248 Suus
283 2186 332 2247 est
359 2183 460 2248 stellis
487 2183 606 2268 honos,
639 2205 697 2248 sua
723 2183 793 2267 lux,
820 2181 919 2246 etiam
946 2182 974 2247 si
1003 2205 1025 2248 a
1052 2183 1122 2250 solis

171 2269 341 2353 splendore
373 2272 406 2333 et
437 2270 583 2335 claritate
609 2268 792 2335 vincuntur.
832 2268 879 2334 At
910 2271 1010 2336 stulte
1041 2272 1124 2355 facit,

171 2357 226 2440 qui
256 2357 293 2420 in
328 2359 492 2440 potestate
529 2356 681 2441 eligendi,
717 2358 952 2439 praetermissis
989 2360 1125 2444 optimis,

171 2444 330 2508 deteriora
352 2446 502 2508 sectatur.
537 2443 609 2508 Hoc
636 2444 683 2507 ita
710 2444 839 2510 demum
866 2446 901 2510 in
923 2467 975 2510 me
998 2449 1126 2531 valeret,

172 2533 199 2597 si
221 2531 388 2596 suaderem
409 2531 515 2614 vobis,
537 2533 575 2595 ut
597 2553 666 2616 eos,
693 2554 774 2616 quos
798 2534 937 2619 optimos
960 2556 1032 2601 esse
1056 2558 1126 2603 con·

172 2622 250 2704 stat,
276 2618 584 2704 praetermitteretis.
625 2618 688 2686 Sed
719 2621 753 2686 id
783 2643 887 2706 neque
919 2621 983 2687 feci
1016 2625 1127 2707 adhuc,

170 2730 275 2793 neque
303 2708 448 2775 facturus
471 2731 616 2796 unquam
643 2732 728 2796 sum,
756 2713 789 2775 et
810 2711 949 2775 multum
977 2717 1060 2796 puto
1081 2715 1126 2779 in·

170 2801 304 2885 teresse,
335 2800 396 2866 hos
429 2800 520 2885 quasi
549 2800 760 2866 secundarum
786 2799 928 2884 partium
956 2801 1128 2887 scriptores

171 2889 359 2954 melioribus
383 2891 561 2973 anteponat
584 2889 712 2972 aliquis,
741 2910 784 2952 an
806 2887 852 2952 eis
880 2908 1009 2971 quoque
1033 2889 1130 2957 studii

172 2977 293 3059 aliquid
315 2975 523 3041 tribuendum
549 2979 651 3060 putet.
686 2974 853 3040 Praeclare
876 2972 1049 3064 Cicero**)
1071 2980 1131 3061 fer-

171 3079 258 3124 ream
281 3062 410 3145 quidem
432 3065 608 3146 scriptorem
631 3084 786 3128 essenon
808 3063 966 3129 diffitetur
984 3063 1132 3150 Atilium,

174 3147 229 3210 sed
252 3150 430 3230 scriptorem
452 3157 566 3228 measa,
588 3154 625 3213 ai
646 3151 787 3234 ieqeadas
808 3152 858 3217 sii.
894 3151 1018 3219 Radere
1041 3157 1133 3232 caim,

172 3233 291 3318 inquit,
310 3255 371 3300 esse
384 3237 420 3302 ia
437 3237 551 3303 uostris
563 3238 663 3320 poetis
684 3245 742 3305 aai
763 3241 968 3306 inertissimae
985 3245 1135 3326 aequitiae

227 3447 253 3503 *l
273 3442 362 3499 Carm.
383 3444 429 3499 IV.
449 3453 473 3502 9.
494 3451 518 3500 5.
538 3462 598 3516 sqq.
671 3447 713 3517 **)
732 3448 767 3503 de
785 3448 846 3503 rin.
865 3448 886 3503 Ι.
905 3454 929 3502 2.
949 3455 974 3503 o.
