2332 3824
107 202 170 268 182
456 197 592 254 ORATIO
611 196 710 254 XVIII.

105 347 288 414 sudandum
314 347 365 410 est
393 343 478 408 circa
509 342 669 428 principia
696 345 730 408 et
760 343 797 408 in
828 345 928 431 ipsis,
947 345 1004 413 ¹ut
1035 354 1084 416 rta

105 437 226 520 dicam,
254 432 447 516 carceribus,
476 453 573 517 quam
594 430 709 515 priscis
731 431 809 516 illis,
833 436 873 496 ut
896 456 917 498 a
943 439 1082 504 carceri-

104 526 166 590 bus
190 523 231 588 ad
253 525 373 587 metam
399 519 613 604 pervenirent.
653 517 772 604 Nobis,
805 523 991 607 antequam
1019 526 1080 591 La

104 613 173 677 tine
205 613 262 676 aut
295 609 414 673 Graece
446 608 606 672 balbutire
638 607 814 692 possimus,
846 611 958 675 multa
993 635 1079 700 cura,

104 700 215 764 multis
247 697 380 781 vigiliis,
411 697 523 761 multis
553 695 719 780 magistris
752 718 835 780 opus
869 702 935 783 est,
972 705 1008 766 et
1038 703 1076 768 iis

103 790 291 872 plerumque
332 785 496 870 magistris
538 784 706 849 meliorum
745 784 859 870 inopia
903 790 1076 876 utendum,

104 874 160 958 qui
187 873 228 938 ad
258 873 305 958 id,
338 872 424 958 quod
451 894 486 937 se
518 872 630 937 docere
662 871 871 957 profitentur,
905 876 985 942 aliis
1014 879 1075 963 ipsi

2 1045 4 1047 ‚
103 962 268 1048 magistris
295 961 486 1046 indigerent.
531 959 584 1025 Ita
606 981 703 1044 quam
730 960 779 1024 illi
804 960 1007 1030 facultatem
1038 989 1072 1032 ac

104 1051 231 1136 copiam
257 1050 325 1115 sine
356 1050 423 1114 ullo
450 1049 561 1113 labore
590 1070 609 1112 a
635 1048 793 1113 matribus
826 1051 860 1114 et
888 1071 910 1115 a
938 1054 1072 1120 nutrici·

103 1140 165 1204 bus
192 1143 225 1204 et
256 1161 275 1203 a
300 1138 422 1222 populo
448 1137 655 1221 hauriebant,
683 1137 751 1201 eius
773 1158 835 1202 nos
856 1141 898 1203 ut
921 1143 1071 1209 umbram

104 1229 245 1311 aliquam
272 1247 517 1309 consequamur,
543 1225 709 1290 meliorem
732 1224 849 1290 aetatis
877 1232 1015 1311 partem
1038 1233 1071 1296 in

104 1335 140 1378 eo
157 1333 344 1378 consumere
364 1313 518 1396 cogimur.
546 1312 660 1398 Itaque
674 1313 782 1398 gravis
795 1314 853 1378 illa
867 1321 1070 1405 conquestio,

103 1423 167 1485 qua
203 1400 321 1467 nobilis
360 1400 437 1466 olim
472 1398 607 1488 pocta*)
634 1423 712 1466 usus
735 1401 843 1467 estin
866 1403 1070 1490 deploranda

102 1490 262 1556 bellorum
285 1489 427 1555 civilium
450 1490 646 1554 calamitate:

208 1594 273 1648 Heu
290 1598 424 1663 quautam
441 1597 529 1648 terrae
542 1593 638 1661 potuit
650 1591 797 1661 pelaqiqac
808 1596 920 1662 parari

208 1664 271 1718 Hor
288 1680 365 1733 quam
384 1663 475 1719 civiles
492 1665 643 1718 hauserunt
659 1664 796 1732 succulae
814 1664 946 1734 dextrae,

102 1752 143 1819 ad
165 1757 279 1819 nostra
302 1776 428 1839 quoque
452 1753 562 1819 studia
578 1775 647 1818 non
668 1753 862 1819 inconcinne
885 1777 1065 1826 accommo-

102 1841 171 1906 dari
198 1844 315 1927 potest.
351 1841 403 1906 Sic
431 1842 517 1906 enim
545 1843 578 1905 et
604 1863 665 1907 nos
693 1841 837 1907 dicamus
864 1844 958 1912 licet:
994 1848 1066 1914 Heu

102 1934 260 2013 quantum
286 1952 395 1995 rerum
422 1951 459 1994 ae
487 1930 663 2014 sapientiae
690 1931 799 2013 parari
825 1934 938 2014 potuit
962 1958 999 2001 eo
1022 1937 1064 2000 la·

100 2017 192 2103 bore,
211 2019 266 2102 qui
279 2019 460 2083 necessario
474 2018 569 2083 nobis
584 2017 625 2082 ad
640 2017 892 2102 intelligentiam
906 2045 1064 2108 usumque

101 2107 287 2191 linguarum
311 2107 485 2190 capiendus
512 2106 584 2170 fuit.
620 2105 709 2170 Haec
736 2128 804 2170 una
825 2108 911 2174 ratio
935 2114 1064 2177 tantum

101 2194 187 2277 apud
212 2196 388 2260 nonnullos
415 2195 537 2279 potuit,
568 2195 606 2258 ut
631 2193 758 2278 publice
788 2198 988 2278 persuadere
1015 2222 1063 2266 co·

99 2281 170 2344 nati
189 2283 268 2366 sint,
290 2283 404 2347 inutile
428 2303 497 2347 esse
515 2284 622 2347 totum
639 2281 719 2347 illud
738 2282 895 2368 studium,
919 2288 1009 2370 quod
1031 2289 1063 2352 in

100 2366 231 2432 Graecis
264 2390 302 2433 ac
332 2369 458 2435 Latinis
489 2370 605 2434 litteris
637 2373 824 2454 poneretur3
856 2393 918 2437 sua
951 2377 1062 2460 cuique

99 2456 213 2540 lingua
239 2456 547 2540 philosophandum,
579 2459 617 2520 ut
648 2460 682 2521 et
707 2458 755 2522 illi
781 2458 946 2526 fecissent.
988 2463 1063 2529 Non

101 2544 188 2608 enim
210 2543 446 2628 Democritum,
467 2543 652 2628 Platonem,
678 2543 889 2612 Aristotelem
918 2553 978 2615 aut
1000 2552 1062 2616 He·

99 2632 271 2697 braeorum
293 2634 351 2696 aut
368 2629 609 2718 Aegyptiorum
632 2654 779 2699 sermone
801 2635 837 2698 in
865 2636 1062 2722 disputando

100 2723 157 2787 aut
178 2721 214 2786 in
233 2720 400 2788 scribendo
419 2743 495 2788 usos
519 2743 601 2806 esse,
624 2723 680 2805 sed
698 2744 751 2807 eo,
773 2724 829 2808 qui
849 2726 1062 2808 popularibus

100 2812 167 2876 suis
189 2817 287 2879 notus
315 2815 412 2896 esset3
441 2835 545 2898 neque
572 2810 824 2877 Demosthenem
846 2810 980 2878 Persica
1009 2819 1064 2881 aut

99 2899 321 2986 Macedonica,
344 2901 400 2966 sed
413 2899 525 2966 Attica
546 2901 659 2985 lingua
676 2899 824 2964 habiturn
842 2900 1063 2988 eloquentem3

99 3009 221 3052 meram
243 2990 405 3054 insaniam
428 3009 510 3071 esse,
537 2991 666 3051 tantum
695 3008 811 3071 operae
838 3008 877 3052 ac
902 2991 1063 3076 temporis

98 3074 245 3158 perdere,
287 3079 326 3139 ut
361 3096 435 3138 eum
471 3094 652 3137 sermonem
687 3075 921 3160 intelligamus,
960 3101 1063 3165 eoque

98 3160 242 3241 utamur,
273 3182 337 3243 quo
369 3161 418 3225 uti
448 3158 596 3222 homines
628 3163 739 3227 multis
772 3163 890 3228 abhinc
923 3168 1064 3234 saeculis

99 3242 272 3308 desierunt.
299 3245 350 3310 Ne
368 3245 621 3311 Demosthenem
644 3250 772 3332 quidem
796 3255 853 3315 aut
870 3250 1064 3322 Ciceronem

99 3352 240 3415 curasse,
264 3331 370 3416 illum,
388 3333 548 3415 quomodo
568 3332 718 3420 Cecropis
738 3339 795 3402 aut
813 3338 943 3428 Thesei,
965 3343 1064 3431 hunc,

152 3527 178 3594 ⁴¹)
197 3481 300 3580 Lucan.
320 3522 428 3576 Phara
440 3527 463 3576 1.
485 3527 526 3577 13.
546 3541 587 3593 sq.
672 3479 673 3482 ¹
