<?xml version="1.0" encoding="UTF-8"?>
<!DOCTYPE html PUBLIC "-//W3C//DTD XHTML 1.0 Transitional//EN"
    "http://www.w3.org/TR/xhtml1/DTD/xhtml1-transitional.dtd">
<html xmlns="http://www.w3.org/1999/xhtml" xml:lang="en" lang="en">
 <head>
  <title>
</title>
<meta http-equiv="Content-Type" content="text/html;charset=utf-8" />
  <meta name='ocr-system' content='tesseract 3.04.00' />
  <meta name='ocr-capabilities' content='ocr_page ocr_carea ocr_par ocr_line ocrx_word'/>
</head>
<body>
  <div class='ocr_page' id='page_1' title='image "./scriptaselecta00muregoog_0041.png"; bbox 0 0 2332 3824; ppageno 0'>
   <div class='ocr_carea' id='block_1_1' title="bbox 129 96 708 166">
    <p class='ocr_par' dir='ltr' id='par_1_1' title="bbox 129 96 708 166">
     <span class='ocr_line' id='line_1_1' title="bbox 129 96 708 166; baseline -0.005 -12"><span class='ocrx_word' id='word_1_1' title='bbox 129 105 173 166; x_wconf 70' lang='lat'>25</span> <span class='ocrx_word' id='word_1_2' title='bbox 505 96 641 154; x_wconf 73' lang='lat' dir='ltr'>osonio</span> <span class='ocrx_word' id='word_1_3' title='bbox 660 96 708 152; x_wconf 90' lang='lat'><em>111.</em></span> 
     </span>
    </p>
   </div>
   <div class='ocr_carea' id='block_1_2' title="bbox 130 241 1166 3231">
    <p class='ocr_par' dir='ltr' id='par_1_2' title="bbox 130 241 1166 3231">
     <span class='ocr_line' id='line_1_2' title="bbox 131 241 1059 334; baseline 0.001 -22"><span class='ocrx_word' id='word_1_4' title='bbox 131 249 208 312; x_wconf 88' lang='lat' dir='ltr'>sunt</span> <span class='ocrx_word' id='word_1_5' title='bbox 237 246 336 312; x_wconf 88' lang='lat' dir='ltr'>mutis</span> <span class='ocrx_word' id='word_1_6' title='bbox 368 243 587 311; x_wconf 87' lang='lat' dir='ltr'>animantibus</span> <span class='ocrx_word' id='word_1_7' title='bbox 621 241 821 326; x_wconf 88' lang='lat' dir='ltr'>superiores;</span> <span class='ocrx_word' id='word_1_8' title='bbox 856 246 925 311; x_wconf 83' lang='lat' dir='ltr'>sed</span> <span class='ocrx_word' id='word_1_9' title='bbox 961 246 1059 334; x_wconf 88' lang='lat' dir='ltr'>quoni</span> 
     </span>
     <span class='ocr_line' id='line_1_3' title="bbox 130 330 1065 418; baseline 0.001 -17"><span class='ocrx_word' id='word_1_10' title='bbox 130 335 321 401; x_wconf 85' lang='lat' dir='ltr'>immortalis</span> <span class='ocrx_word' id='word_1_11' title='bbox 348 334 493 418; x_wconf 90' lang='lat' dir='ltr'>ipsorum</span> <span class='ocrx_word' id='word_1_12' title='bbox 515 334 548 396; x_wconf 89' lang='lat' dir='ltr'>et</span> <span class='ocrx_word' id='word_1_13' title='bbox 570 330 705 414; x_wconf 81' lang='lat' dir='ltr'>simplex</span> <span class='ocrx_word' id='word_1_14' title='bbox 731 334 765 394; x_wconf 87' lang='lat' dir='ltr'>et</span> <span class='ocrx_word' id='word_1_15' title='bbox 792 333 965 401; x_wconf 89' lang='lat' dir='ltr'>coelestis</span> <span class='ocrx_word' id='word_1_16' title='bbox 989 336 1065 401; x_wconf 87' lang='lat' dir='ltr'>anim</span> 
     </span>
     <span class='ocr_line' id='line_1_4' title="bbox 130 417 1071 510; baseline -0.001 -21"><span class='ocrx_word' id='word_1_17' title='bbox 130 424 276 489; x_wconf 91' lang='lat' dir='ltr'>mortalis</span> <span class='ocrx_word' id='word_1_18' title='bbox 299 426 333 488; x_wconf 90' lang='lat' dir='ltr'>et</span> <span class='ocrx_word' id='word_1_19' title='bbox 355 421 497 486; x_wconf 88' lang='lat' dir='ltr'>concreti</span> <span class='ocrx_word' id='word_1_20' title='bbox 520 424 553 485; x_wconf 90' lang='lat' dir='ltr'>et</span> <span class='ocrx_word' id='word_1_21' title='bbox 574 418 735 483; x_wconf 89' lang='lat' dir='ltr'>terrestris</span> <span class='ocrx_word' id='word_1_22' title='bbox 759 417 944 490; x_wconf 90' lang='lat' dir='ltr'>domicilio</span> <span class='ocrx_word' id='word_1_23' title='bbox 970 445 1071 510; x_wconf 79' lang='lat' dir='ltr'>corpor</span> 
     </span>
     <span class='ocr_line' id='line_1_5' title="bbox 130 506 1077 594; baseline 0.002 -17"><span class='ocrx_word' id='word_1_24' title='bbox 130 512 314 594; x_wconf 90' lang='lat' dir='ltr'>hebetatur,</span> <span class='ocrx_word' id='word_1_25' title='bbox 341 530 379 575; x_wconf 90' lang='lat' dir='ltr'>eo</span> <span class='ocrx_word' id='word_1_26' title='bbox 406 509 457 592; x_wconf 89' lang='lat' dir='ltr'>fit,</span> <span class='ocrx_word' id='word_1_27' title='bbox 484 510 521 573; x_wconf 90' lang='lat' dir='ltr'>ut</span> <span class='ocrx_word' id='word_1_28' title='bbox 547 508 589 573; x_wconf 90' lang='lat' dir='ltr'>ad</span> <span class='ocrx_word' id='word_1_29' title='bbox 616 506 840 592; x_wconf 76' lang='lat' dir='ltr'>cognitionem</span> <span class='ocrx_word' id='word_1_30' title='bbox 870 513 910 575; x_wconf 91' lang='lat' dir='ltr'>et</span> <span class='ocrx_word' id='word_1_31' title='bbox 941 513 1077 578; x_wconf 77' lang='lat' dir='ltr'>scientia</span> 
     </span>
     <span class='ocr_line' id='line_1_6' title="bbox 132 594 1083 682; baseline 0.002 -17"><span class='ocrx_word' id='word_1_32' title='bbox 132 601 201 665; x_wconf 89' lang='lat' dir='ltr'>sine</span> <span class='ocrx_word' id='word_1_33' title='bbox 224 618 376 663; x_wconf 91' lang='lat' dir='ltr'>sensuum</span> <span class='ocrx_word' id='word_1_34' title='bbox 397 596 577 661; x_wconf 87' lang='lat' dir='ltr'>ministerio</span> <span class='ocrx_word' id='word_1_35' title='bbox 600 594 767 680; x_wconf 84' lang='lat' dir='ltr'>pervenire</span> <span class='ocrx_word' id='word_1_36' title='bbox 791 615 866 661; x_wconf 89' lang='lat' dir='ltr'>non</span> <span class='ocrx_word' id='word_1_37' title='bbox 890 602 1020 682; x_wconf 81' lang='lat' dir='ltr'>possit</span> <span class='ocrx_word' id='word_1_38' title='bbox 1048 600 1083 666; x_wconf 80' lang='lat' dir='ltr'>lu</span> 
     </span>
     <span class='ocr_line' id='line_1_7' title="bbox 132 681 1088 774; baseline 0.006 -25"><span class='ocrx_word' id='word_1_39' title='bbox 132 707 193 770; x_wconf 90' lang='lat' dir='ltr'>que</span> <span class='ocrx_word' id='word_1_40' title='bbox 220 688 306 749; x_wconf 89' lang='lat' dir='ltr'>recte</span> <span class='ocrx_word' id='word_1_41' title='bbox 332 683 426 749; x_wconf 87' lang='lat' dir='ltr'>Plato</span> <span class='ocrx_word' id='word_1_42' title='bbox 454 685 571 748; x_wconf 91' lang='lat' dir='ltr'>mentis</span> <span class='ocrx_word' id='word_1_43' title='bbox 603 681 826 748; x_wconf 76' lang='lat' dir='ltr'>internuncios</span> <span class='ocrx_word' id='word_1_44' title='bbox 861 689 1038 774; x_wconf 76' lang='lat' dir='ltr'>quasique</span> <span class='ocrx_word' id='word_1_45' title='bbox 1061 709 1088 754; x_wconf 78' lang='lat' dir='ltr'>se</span> 
     </span>
     <span class='ocr_line' id='line_1_8' title="bbox 130 770 1094 858; baseline 0.003 -20"><span class='ocrx_word' id='word_1_46' title='bbox 130 774 250 838; x_wconf 88' lang='lat' dir='ltr'>tellites</span> <span class='ocrx_word' id='word_1_47' title='bbox 272 793 385 838; x_wconf 89' lang='lat' dir='ltr'>sensus</span> <span class='ocrx_word' id='word_1_48' title='bbox 407 772 602 858; x_wconf 81' lang='lat' dir='ltr'>nominavit,</span> <span class='ocrx_word' id='word_1_49' title='bbox 628 770 822 855; x_wconf 88' lang='lat' dir='ltr'>eosdemque</span> <span class='ocrx_word' id='word_1_50' title='bbox 850 772 964 841; x_wconf 89' lang='lat' dir='ltr'>duces</span> <span class='ocrx_word' id='word_1_51' title='bbox 996 777 1040 843; x_wconf 89' lang='lat' dir='ltr'>ad</span> <span class='ocrx_word' id='word_1_52' title='bbox 1059 798 1094 843; x_wconf 85' lang='lat' dir='ltr'>re</span> 
     </span>
     <span class='ocr_line' id='line_1_9' title="bbox 130 857 1097 932; baseline -0.002 -6"><span class='ocrx_word' id='word_1_53' title='bbox 130 862 261 926; x_wconf 90' lang='lat' dir='ltr'>ritatem</span> <span class='ocrx_word' id='word_1_54' title='bbox 283 882 352 927; x_wconf 90' lang='lat' dir='ltr'>esse</span> <span class='ocrx_word' id='word_1_55' title='bbox 380 860 468 925; x_wconf 80' lang='lat' dir='ltr'>dixit.</span> <span class='ocrx_word' id='word_1_56' title='bbox 504 859 584 925; x_wconf 80' lang='lat' dir='ltr'>Eius</span> <span class='ocrx_word' id='word_1_57' title='bbox 611 862 719 925; x_wconf 90' lang='lat' dir='ltr'>autern</span> <span class='ocrx_word' id='word_1_58' title='bbox 746 857 880 924; x_wconf 75' lang='lat' dir='ltr'>auditor</span> <span class='ocrx_word' id='word_1_59' title='bbox 905 861 1097 932; x_wconf 67' lang='lat' dir='ltr'>Aristoteles</span> 
     </span>
     <span class='ocr_line' id='line_1_10' title="bbox 130 946 1098 1036; baseline 0.007 -21"><span class='ocrx_word' id='word_1_60' title='bbox 130 949 371 1036; x_wconf 81' lang='lat' dir='ltr'>pronunciavit,</span> <span class='ocrx_word' id='word_1_61' title='bbox 393 949 475 1014; x_wconf 90' lang='lat' dir='ltr'>nihil</span> <span class='ocrx_word' id='word_1_62' title='bbox 492 947 645 1033; x_wconf 78' lang='lat' dir='ltr'>intelligi,</span> <span class='ocrx_word' id='word_1_63' title='bbox 667 947 730 1011; x_wconf 88' lang='lat' dir='ltr'>nisi</span> <span class='ocrx_word' id='word_1_64' title='bbox 748 946 839 1031; x_wconf 91' lang='lat' dir='ltr'>prius</span> <span class='ocrx_word' id='word_1_65' title='bbox 854 948 994 1034; x_wconf 89' lang='lat' dir='ltr'>aliquid</span> <span class='ocrx_word' id='word_1_66' title='bbox 1014 974 1098 1020; x_wconf 85' lang='lat' dir='ltr'>sensu</span> 
     </span>
     <span class='ocr_line' id='line_1_11' title="bbox 131 1035 1099 1124; baseline 0.005 -20"><span class='ocrx_word' id='word_1_67' title='bbox 131 1042 319 1124; x_wconf 89' lang='lat' dir='ltr'>perceptum</span> <span class='ocrx_word' id='word_1_68' title='bbox 344 1038 472 1119; x_wconf 86' lang='lat' dir='ltr'>fuisset,</span> <span class='ocrx_word' id='word_1_69' title='bbox 504 1036 590 1120; x_wconf 91' lang='lat' dir='ltr'>quod</span> <span class='ocrx_word' id='word_1_70' title='bbox 622 1035 714 1121; x_wconf 88' lang='lat' dir='ltr'>quasi</span> <span class='ocrx_word' id='word_1_71' title='bbox 740 1035 827 1099; x_wconf 81' lang='lat' dir='ltr'>viam</span> <span class='ocrx_word' id='word_1_72' title='bbox 855 1038 1046 1108; x_wconf 83' lang='lat' dir='ltr'>stravisset</span> <span class='ocrx_word' id='word_1_73' title='bbox 1068 1040 1099 1107; x_wconf 74' lang='lat' dir='ltr'>ul</span> 
     </span>
     <span class='ocr_line' id='line_1_12' title="bbox 131 1121 1100 1215; baseline 0.002 -23"><span class='ocrx_word' id='word_1_74' title='bbox 131 1127 211 1192; x_wconf 93' lang='lat' dir='ltr'>illud</span> <span class='ocrx_word' id='word_1_75' title='bbox 237 1123 492 1210; x_wconf 89' lang='lat' dir='ltr'>intelligendum.</span> <span class='ocrx_word' id='word_1_76' title='bbox 533 1121 686 1207; x_wconf 79' lang='lat' dir='ltr'>Idemque</span> <span class='ocrx_word' id='word_1_77' title='bbox 714 1123 777 1188; x_wconf 89' lang='lat' dir='ltr'>alio</span> <span class='ocrx_word' id='word_1_78' title='bbox 804 1122 880 1188; x_wconf 92' lang='lat' dir='ltr'>loco</span> <span class='ocrx_word' id='word_1_79' title='bbox 912 1131 1056 1215; x_wconf 89' lang='lat' dir='ltr'>statuit,</span> <span class='ocrx_word' id='word_1_80' title='bbox 1079 1128 1100 1194; x_wconf 92' lang='lat' dir='ltr'>si</span> 
     </span>
     <span class='ocr_line' id='line_1_13' title="bbox 132 1211 1099 1296; baseline 0.004 -18"><span class='ocrx_word' id='word_1_81' title='bbox 132 1215 184 1278; x_wconf 91' lang='lat' dir='ltr'>cui</span> <span class='ocrx_word' id='word_1_82' title='bbox 216 1234 345 1277; x_wconf 89' lang='lat' dir='ltr'>sensum</span> <span class='ocrx_word' id='word_1_83' title='bbox 377 1211 517 1296; x_wconf 83' lang='lat' dir='ltr'>aliquem</span> <span class='ocrx_word' id='word_1_84' title='bbox 548 1233 568 1276; x_wconf 91' lang='lat' dir='ltr'>a</span> <span class='ocrx_word' id='word_1_85' title='bbox 600 1212 705 1296; x_wconf 90' lang='lat' dir='ltr'>primo</span> <span class='ocrx_word' id='word_1_86' title='bbox 737 1213 812 1275; x_wconf 91' lang='lat' dir='ltr'>ortu</span> <span class='ocrx_word' id='word_1_87' title='bbox 841 1215 975 1280; x_wconf 87' lang='lat' dir='ltr'>natura</span> <span class='ocrx_word' id='word_1_88' title='bbox 1011 1218 1099 1284; x_wconf 81' lang='lat' dir='ltr'>dene</span> 
     </span>
     <span class='ocr_line' id='line_1_14' title="bbox 132 1299 1100 1387; baseline 0.008 -22"><span class='ocrx_word' id='word_1_89' title='bbox 132 1301 269 1387; x_wconf 87' lang='lat' dir='ltr'>gaverit,</span> <span class='ocrx_word' id='word_1_90' title='bbox 300 1300 404 1365; x_wconf 90' lang='lat' dir='ltr'>eidem</span> <span class='ocrx_word' id='word_1_91' title='bbox 435 1299 616 1365; x_wconf 88' lang='lat' dir='ltr'>necessario</span> <span class='ocrx_word' id='word_1_92' title='bbox 649 1300 791 1385; x_wconf 89' lang='lat' dir='ltr'>aliquam</span> <span class='ocrx_word' id='word_1_93' title='bbox 822 1318 894 1364; x_wconf 91' lang='lat' dir='ltr'>esse</span> <span class='ocrx_word' id='word_1_94' title='bbox 924 1305 1100 1372; x_wconf 82' lang='lat' dir='ltr'>scientiam</span> 
     </span>
     <span class='ocr_line' id='line_1_15' title="bbox 132 1385 1121 1471; baseline -0.006 -16"><span class='ocrx_word' id='word_1_95' title='bbox 132 1390 323 1455; x_wconf 88' lang='lat' dir='ltr'>defuturam.</span> <span class='ocrx_word' id='word_1_96' title='bbox 359 1385 441 1453; x_wconf 80' lang='lat' dir='ltr'>(lum</span> <span class='ocrx_word' id='word_1_97' title='bbox 463 1390 571 1454; x_wconf 87' lang='lat' dir='ltr'>autem</span> <span class='ocrx_word' id='word_1_98' title='bbox 594 1388 719 1453; x_wconf 89' lang='lat' dir='ltr'>duobus</span> <span class='ocrx_word' id='word_1_99' title='bbox 741 1391 900 1471; x_wconf 90' lang='lat' dir='ltr'>tanquam</span> <span class='ocrx_word' id='word_1_100' title='bbox 922 1389 1121 1460; x_wconf 74' lang='lat' dir='ltr'>itineribus.</span> 
     </span>
     <span class='ocr_line' id='line_1_16' title="bbox 133 1474 1100 1563; baseline 0.003 -21"><span class='ocrx_word' id='word_1_101' title='bbox 133 1478 173 1542; x_wconf 89' lang='lat' dir='ltr'>ad</span> <span class='ocrx_word' id='word_1_102' title='bbox 197 1478 365 1543; x_wconf 89' lang='lat' dir='ltr'>scientiam</span> <span class='ocrx_word' id='word_1_103' title='bbox 386 1477 553 1563; x_wconf 84' lang='lat' dir='ltr'>pervenire</span> <span class='ocrx_word' id='word_1_104' title='bbox 575 1477 684 1560; x_wconf 90' lang='lat' dir='ltr'>liceat,</span> <span class='ocrx_word' id='word_1_105' title='bbox 712 1474 798 1560; x_wconf 88' lang='lat' dir='ltr'>quod</span> <span class='ocrx_word' id='word_1_106' title='bbox 825 1474 890 1539; x_wconf 89' lang='lat' dir='ltr'>alia</span> <span class='ocrx_word' id='word_1_107' title='bbox 913 1483 1100 1562; x_wconf 89' lang='lat' dir='ltr'>reperimus</span> 
     </span>
     <span class='ocr_line' id='line_1_17' title="bbox 132 1563 1100 1650; baseline 0.006 -21"><span class='ocrx_word' id='word_1_108' title='bbox 132 1565 195 1648; x_wconf 88' lang='lat' dir='ltr'>ipsi</span> <span class='ocrx_word' id='word_1_109' title='bbox 222 1586 363 1650; x_wconf 90' lang='lat' dir='ltr'>pernes</span> <span class='ocrx_word' id='word_1_110' title='bbox 391 1565 545 1650; x_wconf 82' lang='lat' dir='ltr'>quasique</span> <span class='ocrx_word' id='word_1_111' title='bbox 571 1565 728 1649; x_wconf 88' lang='lat' dir='ltr'>parimus,</span> <span class='ocrx_word' id='word_1_112' title='bbox 754 1563 818 1628; x_wconf 90' lang='lat' dir='ltr'>alia</span> <span class='ocrx_word' id='word_1_113' title='bbox 843 1583 922 1628; x_wconf 85' lang='lat' dir='ltr'>vero</span> <span class='ocrx_word' id='word_1_114' title='bbox 953 1567 1000 1632; x_wconf 92' lang='lat' dir='ltr'>ab</span> <span class='ocrx_word' id='word_1_115' title='bbox 1031 1570 1100 1635; x_wconf 86' lang='lat' dir='ltr'>aliie</span> 
     </span>
     <span class='ocr_line' id='line_1_18' title="bbox 133 1650 1100 1739; baseline 0.006 -22"><span class='ocrx_word' id='word_1_116' title='bbox 133 1653 320 1738; x_wconf 82' lang='lat' dir='ltr'>accipimus3</span> <span class='ocrx_word' id='word_1_117' title='bbox 347 1674 484 1739; x_wconf 89' lang='lat' dir='ltr'>quorum</span> <span class='ocrx_word' id='word_1_118' title='bbox 508 1653 599 1717; x_wconf 90' lang='lat' dir='ltr'>illam</span> <span class='ocrx_word' id='word_1_119' title='bbox 624 1651 858 1736; x_wconf 82' lang='lat' dir='ltr'>inventionem,</span> <span class='ocrx_word' id='word_1_120' title='bbox 884 1650 975 1718; x_wconf 93' lang='lat' dir='ltr'>hanc</span> <span class='ocrx_word' id='word_1_121' title='bbox 1006 1656 1100 1722; x_wconf 87' lang='lat' dir='ltr'>disci·</span> 
     </span>
     <span class='ocr_line' id='line_1_19' title="bbox 133 1739 1099 1830; baseline -0.004 -23"><span class='ocrx_word' id='word_1_122' title='bbox 133 1742 256 1827; x_wconf 91' lang='lat' dir='ltr'>plinam</span> <span class='ocrx_word' id='word_1_123' title='bbox 282 1744 413 1807; x_wconf 87' lang='lat' dir='ltr'>vocant:</span> <span class='ocrx_word' id='word_1_124' title='bbox 443 1759 573 1805; x_wconf 90' lang='lat' dir='ltr'>neccsse</span> <span class='ocrx_word' id='word_1_125' title='bbox 601 1743 682 1823; x_wconf 90' lang='lat' dir='ltr'>erat,</span> <span class='ocrx_word' id='word_1_126' title='bbox 715 1739 756 1805; x_wconf 89' lang='lat' dir='ltr'>ad</span> <span class='ocrx_word' id='word_1_127' title='bbox 783 1760 894 1804; x_wconf 88' lang='lat' dir='ltr'>earum</span> <span class='ocrx_word' id='word_1_128' title='bbox 919 1744 1099 1830; x_wconf 79' lang='lat' dir='ltr'>utramque</span> 
     </span>
     <span class='ocr_line' id='line_1_20' title="bbox 134 1825 1098 1916; baseline 0.002 -20"><span class='ocrx_word' id='word_1_129' title='bbox 134 1854 265 1898; x_wconf 90' lang='lat' dir='ltr'>sensum</span> <span class='ocrx_word' id='word_1_130' title='bbox 291 1832 431 1916; x_wconf 90' lang='lat' dir='ltr'>aliquam</span> <span class='ocrx_word' id='word_1_131' title='bbox 458 1827 701 1894; x_wconf 84' lang='lat' dir='ltr'>accommodari.</span> <span class='ocrx_word' id='word_1_132' title='bbox 737 1825 801 1893; x_wconf 81' lang='lat' dir='ltr'>Sed</span> <span class='ocrx_word' id='word_1_133' title='bbox 827 1848 897 1892; x_wconf 90' lang='lat' dir='ltr'>cum</span> <span class='ocrx_word' id='word_1_134' title='bbox 928 1832 1035 1897; x_wconf 90' lang='lat' dir='ltr'>ceteri</span> <span class='ocrx_word' id='word_1_135' title='bbox 1058 1832 1098 1898; x_wconf 89' lang='lat' dir='ltr'>ad</span> 
     </span>
     <span class='ocr_line' id='line_1_21' title="bbox 135 1915 1097 2003; baseline 0.001 -18"><span class='ocrx_word' id='word_1_136' title='bbox 135 1942 205 1985; x_wconf 90' lang='lat' dir='ltr'>eam</span> <span class='ocrx_word' id='word_1_137' title='bbox 227 1942 297 1985; x_wconf 90' lang='lat' dir='ltr'>rem</span> <span class='ocrx_word' id='word_1_138' title='bbox 318 1921 425 1985; x_wconf 90' lang='lat' dir='ltr'>minus</span> <span class='ocrx_word' id='word_1_139' title='bbox 448 1917 517 2003; x_wconf 91' lang='lat' dir='ltr'>apti</span> <span class='ocrx_word' id='word_1_140' title='bbox 539 1917 662 2002; x_wconf 86' lang='lat' dir='ltr'>forent,</span> <span class='ocrx_word' id='word_1_141' title='bbox 685 1916 851 1982; x_wconf 91' lang='lat' dir='ltr'>oculorum</span> <span class='ocrx_word' id='word_1_142' title='bbox 869 1915 1005 1999; x_wconf 89' lang='lat' dir='ltr'>quidem</span> <span class='ocrx_word' id='word_1_143' title='bbox 1024 1942 1097 1985; x_wconf 89' lang='lat' dir='ltr'>sen·</span> 
     </span>
     <span class='ocr_line' id='line_1_22' title="bbox 135 2003 1166 2093; baseline -0.008 -19"><span class='ocrx_word' id='word_1_144' title='bbox 135 2031 189 2074; x_wconf 88' lang='lat' dir='ltr'>sus</span> <span class='ocrx_word' id='word_1_145' title='bbox 226 2009 268 2073; x_wconf 91' lang='lat' dir='ltr'>ad</span> <span class='ocrx_word' id='word_1_146' title='bbox 306 2030 414 2073; x_wconf 90' lang='lat' dir='ltr'>rerum</span> <span class='ocrx_word' id='word_1_147' title='bbox 453 2005 803 2091; x_wconf 87' lang='lat' dir='ltr'>praestantissimarum</span> <span class='ocrx_word' id='word_1_148' title='bbox 837 2003 1097 2093; x_wconf 80' lang='lat' dir='ltr'>indagationem,</span> <span class='ocrx_word' id='word_1_149' title='bbox 1165 2059 1166 2066; x_wconf 71' lang='grc'>,</span> 
     </span>
     <span class='ocr_line' id='line_1_23' title="bbox 135 2093 1096 2181; baseline 0.003 -22"><span class='ocrx_word' id='word_1_150' title='bbox 135 2096 261 2159; x_wconf 90' lang='lat' dir='ltr'>aurium</span> <span class='ocrx_word' id='word_1_151' title='bbox 278 2117 355 2161; x_wconf 86' lang='lat' dir='ltr'>vero</span> <span class='ocrx_word' id='word_1_152' title='bbox 374 2096 416 2159; x_wconf 88' lang='lat' dir='ltr'>ad</span> <span class='ocrx_word' id='word_1_153' title='bbox 434 2095 620 2179; x_wconf 87' lang='lat' dir='ltr'>earundem,</span> <span class='ocrx_word' id='word_1_154' title='bbox 643 2116 716 2160; x_wconf 89' lang='lat' dir='ltr'>cum</span> <span class='ocrx_word' id='word_1_155' title='bbox 736 2093 777 2158; x_wconf 91' lang='lat' dir='ltr'>ab</span> <span class='ocrx_word' id='word_1_156' title='bbox 796 2093 860 2158; x_wconf 87' lang='lat' dir='ltr'>alio</span> <span class='ocrx_word' id='word_1_157' title='bbox 876 2093 1096 2181; x_wconf 88' lang='lat' dir='ltr'>traderentur,</span> 
     </span>
     <span class='ocr_line' id='line_1_24' title="bbox 134 2180 1095 2266; baseline 0.004 -21"><span class='ocrx_word' id='word_1_158' title='bbox 134 2183 374 2264; x_wconf 79' lang='lat' dir='ltr'>perceptionem</span> <span class='ocrx_word' id='word_1_159' title='bbox 388 2182 429 2246; x_wconf 90' lang='lat' dir='ltr'>ab</span> <span class='ocrx_word' id='word_1_160' title='bbox 444 2183 516 2266; x_wconf 89' lang='lat' dir='ltr'>ipsa</span> <span class='ocrx_word' id='word_1_161' title='bbox 533 2186 651 2246; x_wconf 89' lang='lat' dir='ltr'>natura</span> <span class='ocrx_word' id='word_1_162' title='bbox 669 2181 863 2246; x_wconf 89' lang='lat' dir='ltr'>constitutus</span> <span class='ocrx_word' id='word_1_163' title='bbox 881 2183 939 2245; x_wconf 82' lang='lat' dir='ltr'>est</span> <span class='ocrx_word' id='word_1_164' title='bbox 966 2180 1095 2249; x_wconf 89' lang='lat' dir='ltr'>Instru-</span> 
     </span>
     <span class='ocr_line' id='line_1_25' title="bbox 135 2267 1095 2352; baseline 0.003 -18"><span class='ocrx_word' id='word_1_165' title='bbox 135 2271 280 2334; x_wconf 91' lang='lat' dir='ltr'>mentum</span> <span class='ocrx_word' id='word_1_166' title='bbox 298 2272 407 2332; x_wconf 91' lang='lat' dir='ltr'>autem</span> <span class='ocrx_word' id='word_1_167' title='bbox 424 2267 762 2333; x_wconf 77' lang='lat' dir='ltr'>communicandorum</span> <span class='ocrx_word' id='word_1_168' title='bbox 781 2268 1095 2352; x_wconf 80' lang='lat' dir='ltr'>participandamm·</span> 
     </span>
     <span class='ocr_line' id='line_1_26' title="bbox 136 2355 1094 2441; baseline 0.004 -20"><span class='ocrx_word' id='word_1_169' title='bbox 136 2378 197 2441; x_wconf 90' lang='lat' dir='ltr'>que</span> <span class='ocrx_word' id='word_1_170' title='bbox 221 2356 321 2421; x_wconf 90' lang='lat' dir='ltr'>animi</span> <span class='ocrx_word' id='word_1_171' title='bbox 347 2356 518 2422; x_wconf 90' lang='lat' dir='ltr'>notionum</span> <span class='ocrx_word' id='word_1_172' title='bbox 541 2355 652 2419; x_wconf 89' lang='lat' dir='ltr'>eadem</span> <span class='ocrx_word' id='word_1_173' title='bbox 674 2357 792 2419; x_wconf 87' lang='lat' dir='ltr'>natura</span> <span class='ocrx_word' id='word_1_174' title='bbox 818 2357 1000 2421; x_wconf 89' lang='lat' dir='ltr'>orationem</span> <span class='ocrx_word' id='word_1_175' title='bbox 1022 2379 1094 2425; x_wconf 90' lang='lat' dir='ltr'>esse</span> 
     </span>
     <span class='ocr_line' id='line_1_27' title="bbox 135 2443 1094 2529; baseline 0.003 -19"><span class='ocrx_word' id='word_1_176' title='bbox 135 2445 251 2528; x_wconf 82' lang='lat' dir='ltr'>voluit3</span> <span class='ocrx_word' id='word_1_177' title='bbox 287 2466 423 2529; x_wconf 91' lang='lat' dir='ltr'>cumque</span> <span class='ocrx_word' id='word_1_178' title='bbox 459 2444 572 2509; x_wconf 89' lang='lat' dir='ltr'>ceteris</span> <span class='ocrx_word' id='word_1_179' title='bbox 608 2443 827 2509; x_wconf 85' lang='lat' dir='ltr'>animantibus</span> <span class='ocrx_word' id='word_1_180' title='bbox 864 2464 961 2510; x_wconf 90' lang='lat' dir='ltr'>sonos</span> <span class='ocrx_word' id='word_1_181' title='bbox 993 2448 1094 2513; x_wconf 93' lang='lat' dir='ltr'>modo</span> 
     </span>
     <span class='ocr_line' id='line_1_28' title="bbox 136 2531 1095 2618; baseline 0.003 -20"><span class='ocrx_word' id='word_1_182' title='bbox 136 2533 293 2617; x_wconf 87' lang='lat' dir='ltr'>quosdam</span> <span class='ocrx_word' id='word_1_183' title='bbox 315 2532 467 2617; x_wconf 86' lang='lat' dir='ltr'>dedisset,</span> <span class='ocrx_word' id='word_1_184' title='bbox 490 2531 606 2616; x_wconf 88' lang='lat' dir='ltr'>quibus</span> <span class='ocrx_word' id='word_1_185' title='bbox 623 2531 835 2617; x_wconf 87' lang='lat' dir='ltr'>voluptatem,</span> <span class='ocrx_word' id='word_1_186' title='bbox 858 2532 1016 2618; x_wconf 92' lang='lat' dir='ltr'>dolorem,</span> <span class='ocrx_word' id='word_1_187' title='bbox 1039 2535 1095 2601; x_wconf 91' lang='lat' dir='ltr'>de·</span> 
     </span>
     <span class='ocr_line' id='line_1_29' title="bbox 136 2614 1094 2705; baseline 0.004 -21"><span class='ocrx_word' id='word_1_188' title='bbox 136 2614 253 2685; x_wconf 89' lang='lat' dir='ltr'>sideria</span> <span class='ocrx_word' id='word_1_189' title='bbox 274 2623 424 2705; x_wconf 90' lang='lat' dir='ltr'>naturae,</span> <span class='ocrx_word' id='word_1_190' title='bbox 446 2619 579 2684; x_wconf 87' lang='lat' dir='ltr'>affectus</span> <span class='ocrx_word' id='word_1_191' title='bbox 602 2618 740 2704; x_wconf 89' lang='lat' dir='ltr'>denique</span> <span class='ocrx_word' id='word_1_192' title='bbox 761 2620 955 2704; x_wconf 88' lang='lat' dir='ltr'>indicarent,</span> <span class='ocrx_word' id='word_1_193' title='bbox 978 2620 1094 2687; x_wconf 88' lang='lat' dir='ltr'>distin·</span> 
     </span>
     <span class='ocr_line' id='line_1_30' title="bbox 136 2706 1093 2794; baseline 0.005 -23"><span class='ocrx_word' id='word_1_194' title='bbox 136 2709 222 2772; x_wconf 86' lang='lat' dir='ltr'>ctam</span> <span class='ocrx_word' id='word_1_195' title='bbox 235 2708 421 2774; x_wconf 90' lang='lat' dir='ltr'>hominibus</span> <span class='ocrx_word' id='word_1_196' title='bbox 436 2707 701 2792; x_wconf 88' lang='lat' dir='ltr'>articulatamque</span> <span class='ocrx_word' id='word_1_197' title='bbox 719 2708 834 2774; x_wconf 89' lang='lat' dir='ltr'>tribuit</span> <span class='ocrx_word' id='word_1_198' title='bbox 846 2728 971 2791; x_wconf 81' lang='lat' dir='ltr'>vocem,</span> <span class='ocrx_word' id='word_1_199' title='bbox 990 2706 1093 2794; x_wconf 90' lang='lat' dir='ltr'>(unde</span> 
     </span>
     <span class='ocr_line' id='line_1_31' title="bbox 137 2793 1094 2883; baseline 0.004 -24"><span class='ocrx_word' id='word_1_200' title='bbox 137 2816 191 2860; x_wconf 91' lang='lat' dir='ltr'>eos</span> <span class='ocrx_word' id='word_1_201' title='bbox 214 2795 376 2861; x_wconf 89' lang='lat' dir='ltr'>Homerus</span> <span class='ocrx_word' id='word_1_202' title='bbox 403 2793 550 2878; x_wconf 79' lang='grc' dir='ltr'><strong><em>μέροπας</em></strong></span> <span class='ocrx_word' id='word_1_203' title='bbox 577 2794 785 2883; x_wconf 85' lang='lat' dir='ltr'>nominavit,)</span> <span class='ocrx_word' id='word_1_204' title='bbox 814 2818 911 2881; x_wconf 90' lang='lat' dir='ltr'>qnam</span> <span class='ocrx_word' id='word_1_205' title='bbox 933 2816 1007 2860; x_wconf 88' lang='lat' dir='ltr'>eum</span> <span class='ocrx_word' id='word_1_206' title='bbox 1028 2798 1094 2882; x_wconf 87' lang='lat' dir='ltr'>ipsi</span> 
     </span>
     <span class='ocr_line' id='line_1_32' title="bbox 137 2883 1093 2969; baseline 0.004 -21"><span class='ocrx_word' id='word_1_207' title='bbox 137 2883 295 2949; x_wconf 86' lang='lat' dir='ltr'>arbitratu</span> <span class='ocrx_word' id='word_1_208' title='bbox 322 2905 381 2949; x_wconf 91' lang='lat' dir='ltr'>suo</span> <span class='ocrx_word' id='word_1_209' title='bbox 408 2884 574 2949; x_wconf 84' lang='lat' dir='ltr'>flexissent</span> <span class='ocrx_word' id='word_1_210' title='bbox 596 2888 691 2969; x_wconf 88' lang='lat' dir='ltr'>atque</span> <span class='ocrx_word' id='word_1_211' title='bbox 714 2886 907 2967; x_wconf 85' lang='lat' dir='ltr'>variassent,</span> <span class='ocrx_word' id='word_1_212' title='bbox 936 2885 1093 2969; x_wconf 88' lang='lat' dir='ltr'>quasique</span> 
     </span>
     <span class='ocr_line' id='line_1_33' title="bbox 137 2972 1094 3059; baseline 0.004 -24"><span class='ocrx_word' id='word_1_213' title='bbox 137 2974 304 3054; x_wconf 89' lang='lat' dir='ltr'>compacto</span> <span class='ocrx_word' id='word_1_214' title='bbox 333 2972 534 3054; x_wconf 88' lang='lat' dir='ltr'>statuissent,</span> <span class='ocrx_word' id='word_1_215' title='bbox 566 2994 664 3057; x_wconf 88' lang='lat' dir='ltr'>quam</span> <span class='ocrx_word' id='word_1_216' title='bbox 691 2974 804 3059; x_wconf 91' lang='lat' dir='ltr'>cuique</span> <span class='ocrx_word' id='word_1_217' title='bbox 831 2972 903 3039; x_wconf 87' lang='lat' dir='ltr'>voci</span> <span class='ocrx_word' id='word_1_218' title='bbox 929 2972 996 3036; x_wconf 87' lang='lat' dir='ltr'>vim</span> <span class='ocrx_word' id='word_1_219' title='bbox 1023 2994 1094 3039; x_wconf 89' lang='lat' dir='ltr'>esse</span> 
     </span>
     <span class='ocr_line' id='line_1_34' title="bbox 136 3058 1093 3145; baseline 0.003 -24"><span class='ocrx_word' id='word_1_220' title='bbox 136 3058 269 3143; x_wconf 89' lang='lat' dir='ltr'>vellent,</span> <span class='ocrx_word' id='word_1_221' title='bbox 282 3062 353 3124; x_wconf 89' lang='lat' dir='ltr'>tum</span> <span class='ocrx_word' id='word_1_222' title='bbox 371 3079 410 3124; x_wconf 91' lang='lat' dir='ltr'>eo</span> <span class='ocrx_word' id='word_1_223' title='bbox 423 3059 639 3125; x_wconf 89' lang='lat' dir='ltr'>instrumento</span> <span class='ocrx_word' id='word_1_224' title='bbox 659 3061 700 3126; x_wconf 90' lang='lat' dir='ltr'>ad</span> <span class='ocrx_word' id='word_1_225' title='bbox 718 3083 768 3145; x_wconf 89' lang='lat' dir='ltr'>ea,</span> <span class='ocrx_word' id='word_1_226' title='bbox 792 3081 873 3145; x_wconf 91' lang='lat' dir='ltr'>quae</span> <span class='ocrx_word' id='word_1_227' title='bbox 892 3059 1000 3124; x_wconf 91' lang='lat' dir='ltr'>animo</span> <span class='ocrx_word' id='word_1_228' title='bbox 1017 3080 1093 3126; x_wconf 92' lang='lat' dir='ltr'>con-</span> 
     </span>
     <span class='ocr_line' id='line_1_35' title="bbox 136 3145 1094 3231; baseline 0.004 -21"><span class='ocrx_word' id='word_1_229' title='bbox 136 3146 311 3230; x_wconf 86' lang='lat' dir='ltr'>cepissent,</span> <span class='ocrx_word' id='word_1_230' title='bbox 342 3145 568 3231; x_wconf 87' lang='lat' dir='ltr'>patefacienda</span> <span class='ocrx_word' id='word_1_231' title='bbox 593 3150 770 3214; x_wconf 89' lang='lat' dir='ltr'>uterentur.</span> <span class='ocrx_word' id='word_1_232' title='bbox 811 3146 864 3213; x_wconf 83' lang='lat' dir='ltr'>Sic</span> <span class='ocrx_word' id='word_1_233' title='bbox 894 3147 945 3230; x_wconf 90' lang='lat' dir='ltr'>fit,</span> <span class='ocrx_word' id='word_1_234' title='bbox 977 3151 1015 3211; x_wconf 90' lang='lat' dir='ltr'>ut</span> <span class='ocrx_word' id='word_1_235' title='bbox 1040 3169 1094 3214; x_wconf 88' lang='lat' dir='ltr'>res</span> 
     </span>
    </p>
   </div>
   <div class='ocr_carea' id='block_1_3' title="bbox 137 3234 1094 3498">
    <p class='ocr_par' dir='ltr' id='par_1_3' title="bbox 137 3234 1094 3498">
     <span class='ocr_line' id='line_1_36' title="bbox 137 3234 1094 3320; baseline 0.003 -22"><span class='ocrx_word' id='word_1_236' title='bbox 137 3234 266 3319; x_wconf 91' lang='lat' dir='ltr'>quidem</span> <span class='ocrx_word' id='word_1_237' title='bbox 288 3236 377 3319; x_wconf 89' lang='lat' dir='ltr'>ipsae</span> <span class='ocrx_word' id='word_1_238' title='bbox 401 3234 581 3319; x_wconf 89' lang='lat' dir='ltr'>singulares</span> <span class='ocrx_word' id='word_1_239' title='bbox 603 3237 823 3320; x_wconf 88' lang='lat' dir='ltr'>percipiantur</span> <span class='ocrx_word' id='word_1_240' title='bbox 845 3234 1006 3318; x_wconf 90' lang='lat' dir='ltr'>sensibus,</span> <span class='ocrx_word' id='word_1_241' title='bbox 1028 3256 1094 3318; x_wconf 89' lang='lat' dir='ltr'>qua</span> 
     </span>
     <span class='ocr_line' id='line_1_37' title="bbox 138 3321 1094 3408; baseline -0.001 -21"><span class='ocrx_word' id='word_1_242' title='bbox 138 3344 177 3388; x_wconf 89' lang='lat' dir='ltr'>ex</span> <span class='ocrx_word' id='word_1_243' title='bbox 198 3324 404 3408; x_wconf 89' lang='lat' dir='ltr'>perceptione</span> <span class='ocrx_word' id='word_1_244' title='bbox 427 3323 570 3388; x_wconf 86' lang='lat' dir='ltr'>existunt</span> <span class='ocrx_word' id='word_1_245' title='bbox 591 3323 627 3387; x_wconf 90' lang='lat' dir='ltr'>in</span> <span class='ocrx_word' id='word_1_246' title='bbox 654 3324 771 3388; x_wconf 92' lang='lat' dir='ltr'>animis</span> <span class='ocrx_word' id='word_1_247' title='bbox 798 3343 906 3388; x_wconf 88' lang='lat' dir='ltr'>rerum</span> <span class='ocrx_word' id='word_1_248' title='bbox 929 3321 1094 3387; x_wconf 89' lang='lat' dir='ltr'>universa·</span> 
     </span>
     <span class='ocr_line' id='line_1_38' title="bbox 137 3408 1094 3498; baseline -0.003 -20"><span class='ocrx_word' id='word_1_249' title='bbox 137 3433 210 3478; x_wconf 89' lang='lat' dir='ltr'>rum</span> <span class='ocrx_word' id='word_1_250' title='bbox 227 3412 391 3498; x_wconf 87' lang='lat' dir='ltr'>notiones,</span> <span class='ocrx_word' id='word_1_251' title='bbox 413 3411 455 3478; x_wconf 92' lang='lat' dir='ltr'>ad</span> <span class='ocrx_word' id='word_1_252' title='bbox 473 3431 527 3477; x_wconf 89' lang='lat' dir='ltr'>eas</span> <span class='ocrx_word' id='word_1_253' title='bbox 544 3430 620 3477; x_wconf 79' lang='lat' dir='ltr'>vero</span> <span class='ocrx_word' id='word_1_254' title='bbox 639 3410 792 3477; x_wconf 64' lang='lat' dir='ltr'>evolvero¹</span> <span class='ocrx_word' id='word_1_255' title='bbox 951 3408 1094 3475; x_wconf 88' lang='lat' dir='ltr'>medium</span> 
     </span>
    </p>
   </div>
   <div class='ocr_carea' id='block_1_4' title="bbox 0 0 1180 3824">
    <p class='ocr_par' dir='ltr' id='par_1_4' title="bbox 0 0 1180 3824">
     <span class='ocr_line' id='line_1_39' title="bbox 0 0 1180 3824; baseline 0 0"><span class='ocrx_word' id='word_1_256' title='bbox 0 0 1180 3824; x_wconf 95' lang='lat' dir='ltr'> </span> 
     </span>
    </p>
   </div>
  </div>
 </body>
</html>
