2332 3824
163 202 227 268 150
527 199 664 256 omno
683 198 744 255 xv,

160 369 264 433 pauca
291 346 371 412 mihi
398 345 554 431 quaedam
581 344 620 410 de
648 365 686 410 eo
714 343 849 408 dicenda
876 346 968 429 sunt,
996 366 1069 410 non
1091 349 1130 411 ut

162 459 236 501 eum
257 436 398 519 laudcm3
420 456 497 498 nam
519 433 684 517 cumipse
706 454 741 497 se
763 432 843 497 satis
861 433 982 498 tacitus
1005 433 1128 518 laudet,

162 545 223 610 ego
257 544 383 608 quoque
414 521 648 607 praestantiam
683 520 785 605 ipsius
816 520 936 585 tacitus
969 521 1127 587 admirari

161 614 262 697 malo,
289 633 386 695 quam
413 613 447 674 et
472 609 646 674 infantiam
668 630 773 674 meam
794 608 931 693 prodere
954 613 990 674 et
1012 610 1126 675 laudes

162 701 264 785 ipsius
295 697 420 783 ingenii
446 698 542 782 culpa
573 698 729 781 deterere,
761 697 817 762 sed
847 699 886 761 ut
916 697 957 762 iis
989 720 1126 782 respon·

162 788 269 871 deam,
292 787 347 870 qui
371 789 404 851 et
423 785 573 850 Tacitum
594 786 680 850 tanti
702 807 722 850 a
743 807 795 850 me
817 785 900 869 fieri,
923 788 957 850 et
979 807 1033 851 me
1057 790 1126 852 tam

162 875 229 959 diu,
261 877 355 939 tanto
387 875 508 958 studio,
539 877 577 939 ut
602 873 683 938 mihi
710 873 778 938 cius
805 873 932 958 publice
964 873 1125 959 interpre

161 962 253 1027 tandi
274 964 419 1047 potestas
441 963 546 1047 fieret,
572 963 754 1046 postulasse
781 962 949 1026 mirantur.
985 962 1124 1028 Hodier-

161 1073 239 1116 nam
267 1054 375 1117 autem
402 1051 582 1116 orationem
609 1071 714 1114 meam
739 1050 787 1114 illi
813 1050 889 1134 ipsi,
923 1051 980 1135 qui
1008 1051 1123 1117 Tacito

163 1141 360 1225 obtrectant,
381 1139 561 1204 breviorem
582 1137 799 1203 reddiderunt.
834 1136 922 1203 Nam
942 1139 971 1204 si
990 1139 1123 1206 Tacitus

161 1228 242 1292 mihi
263 1228 444 1292 laudandus
467 1226 595 1310 fuisset,
617 1247 748 1292 necesse
770 1226 956 1291 habuissem
978 1229 1122 1314 undique

162 1314 350 1398 conquirere
372 1335 410 1378 ac
433 1314 597 1398 colligere,
625 1335 832 1399 quaecunque
860 1318 986 1381 veteres
1010 1338 1030 1380 a
1051 1340 1121 1402 per·

161 1402 247 1468 fecto
283 1402 437 1468 historiae
474 1402 629 1486 scriptore
661 1403 819 1488 exigenda
849 1424 919 1468 esse
956 1404 1121 1492 dixissent,

163 1512 201 1555 ac
226 1491 362 1575 prolatis
390 1491 543 1576 exemplis
566 1490 752 1576 ostendere,
777 1513 817 1557 ea
839 1492 949 1559 omnia
972 1493 1121 1559 Tacitum

162 1580 413 1646 cumulatissime
435 1579 647 1664 praestitisse:
671 1580 756 1664 quod
779 1580 841 1646 etsi
863 1580 1029 1647 verissime
1052 1583 1120 1647 fieri

161 1668 303 1752 poterat,
342 1671 476 1752 propter
515 1668 620 1752 ipsam
658 1671 769 1733 tamen
809 1669 1052 1736 multitudinem
1089 1675 1121 1736 et

161 1755 352 1821 varietatem
379 1757 515 1821 arduum
543 1777 581 1820 ac
608 1755 737 1821 difficile
768 1757 892 1823 fuisset.
932 1756 1031 1824 Nunc
1059 1759 1119 1824 Ta·

163 1845 218 1908 citi
245 1844 376 1929 quidem
401 1844 537 1909 virtutes
564 1844 679 1909 melius
702 1866 739 1909 ac
762 1846 960 1912 commodius
988 1847 1025 1912 in
1047 1870 1119 1932 pro·

162 1953 277 2016 gressu
304 1933 409 2018 operis
437 1933 582 2018 singulas
609 1933 807 1998 notabimus:
834 1933 931 1999 hodie
953 1935 1019 2000 nisi
1041 1940 1119 2000 tem-

161 2020 249 2104 poris
281 2021 488 2086 excludamur
519 2021 693 2106 angustiis,
724 2043 829 2106 pauca
857 2023 989 2087 tanturn
1025 2045 1119 2108 quae·

162 2108 237 2173 dam
254 2109 465 2175 refutabimus
485 2131 521 2174 ac
538 2110 735 2195 refellemus,
754 2109 888 2194 quaein
906 2131 981 2175 eum
999 2114 1118 2177 temere

159 2198 203 2260 ab
226 2197 384 2281 imperitis
407 2198 523 2264 coniici
547 2199 661 2263 solent.

226 2283 381 2367 Inprimis
404 2289 512 2350 autem
535 2286 615 2350 illud
637 2286 780 2371 positum
802 2287 859 2372 sit,
885 2308 968 2372 quae
992 2310 1120 2354 summa

155 2371 370 2438 scribentium
391 2375 462 2437 laus
486 2377 547 2457 est,
574 2394 646 2438 eam
669 2373 781 2439 Tacito
809 2376 851 2440 ab
879 2375 1031 2442 omnibus
1054 2399 1119 2442 uno

154 2483 216 2526 ore
235 2460 346 2524 tribui:
365 2461 491 2524 nullum
508 2481 652 2543 unquam
670 2461 860 2544 scriptorem
876 2463 1120 2546 prudentiorem

157 2571 198 2614 ac
222 2547 504 2613 consideratiorem
526 2548 639 2630 fuisse,
668 2548 786 2614 siccam
813 2572 851 2615 ac
878 2551 1022 2616 sobriam
1050 2574 1120 2620 esse

160 2638 246 2703 illius
270 2637 461 2722 orationem,
484 2635 671 2701 adstrictam
692 2638 812 2723 verbis,
835 2639 968 2705 densam
991 2644 1121 2707 senten·

159 2727 228 2812 tiis3
250 2725 333 2792 nihil
354 2726 390 2791 in
413 2748 451 2792 ea
472 2726 580 2792 notari
601 2747 697 2812 posse
720 2726 884 2812 diffluens,
906 2727 988 2792 nihil
1010 2729 1121 2815 inane,

159 2817 243 2883 nihil
264 2816 461 2902 redundans3
485 2815 621 2903 singulis
644 2836 738 2901 saepe
756 2815 862 2880 verbis
881 2815 1028 2900 singulas
1048 2840 1120 2884 sen·

156 2908 280 2972 tentias
308 2907 475 2973 contineri.
510 2905 633 2990 Magna
658 2906 729 2970 laus
756 2906 790 2969 et
811 2925 893 2988 quae
920 2904 955 2967 in
978 2924 1044 2988 quo
1068 2907 1121 2992 sit,

159 2994 255 3058 facile
278 2996 308 3057 ei
331 2996 410 3058 alias
434 2995 543 3058 deesse
565 2993 708 3074 patiaris.
734 2991 821 3058 Nam
842 2995 880 3058 ut
901 2992 937 3056 in
958 2991 1013 3077 iis,
1038 3016 1121 3078 quae

159 3081 379 3163 possidentur,
402 3101 441 3144 ea
457 3078 588 3163 plurimi
605 3077 702 3163 fiunt,
726 3101 863 3165 quorum
881 3080 998 3164 exigua
1015 3085 1122 3149 moles

160 3165 223 3245 est,
245 3165 386 3246 pretium
408 3167 538 3249 ingens,
561 3167 598 3227 ut
621 3185 749 3253 aurum,
771 3172 810 3234 ut
832 3189 994 3254 gemmae,
1024 3174 1064 3235 ut
1085 3173 1122 3236 in

159 3249 239 3315 cibis
275 3249 299 3312 ii
335 3251 472 3314 maxime
507 3249 695 3339 laudantur,
731 3257 787 3339 qui
818 3256 989 3321 minimum
1022 3258 1122 3324 detri-

160 3339 342 3404 mentorum
381 3337 517 3422 habcnt,
552 3340 727 3423 plurimum
767 3345 868 3409 succi:
903 3345 951 3408 ita
986 3349 1122 3413 maximi

159 3427 307 3494 facienda
330 3426 446 3509 oratio,
474 3447 555 3509 quae
578 3431 779 3514 paucissimis
807 3433 913 3497 verbis
940 3433 1122 3516 plurimum

159 3516 338 3583 sententias
361 3514 573 3599 amplectitur.
604 3517 732 3584 Indicat
748 3519 847 3604 enim,
870 3541 905 3584 se
922 3520 958 3583 in
977 3526 1122 3610 pectore,
