2332 3824
150 203 214 267 104
542 202 678 258 ORATIO
697 203 729 257 X.

148 349 287 414 omuium
303 347 576 432 perfidiosissimus
598 345 631 412 O.
649 347 779 412 Murius
797 346 831 428 Q.
851 345 1003 414 Catulum
1019 371 1108 432 prae-

148 438 343 503 stautissima
364 437 512 519 olipuitute
533 436 636 500 uirum
653 435 735 500 mori
750 436 856 517 potuit
875 435 1004 502 iubere?
1034 438 1109 504 Dios

148 527 281 608 defluat,
301 526 330 590 si
346 525 436 590 uelim
449 543 625 601 uumrmm,
643 522 752 605 quibus
770 523 858 589 bouis
869 525 952 590 male
964 529 1107 604 euanuit·

148 633 202 680 uec
228 614 345 690 miuus,
373 613 402 676 si
423 631 662 689 commemorem,
684 611 794 693 quibus
817 612 966 694 improbis
991 616 1106 696 optiuu.

149 701 213 766 Gur
235 703 317 764 euim
333 700 462 764 Marius
484 704 548 764 tam
563 699 693 781 feliciter
710 700 874 781 septimum
892 699 1012 766 Cousul
1029 703 1108 767 domi

148 809 222 853 suae
248 809 337 852 seuero
364 792 408 853 est
433 787 594 852 mortccm?
625 807 681 852 cur
711 789 851 853 omuium
880 789 1107 856 uudelissimus

150 881 213 940 mm
235 877 290 941 oliu
308 875 412 942 Oiuua
429 874 589 959 rcpuauit?
621 875 668 940 At
688 876 772 940 dedit
786 896 913 959 poenas.
945 876 1107 944 Probrberi

149 964 257 1029 melius
277 964 353 1046 fuit,
380 965 594 1047 impositurus,
620 984 659 1028 ue
681 968 724 1029 tot
748 983 883 1029 summos
908 966 995 1031 uiros
1016 968 1106 1032 iuter·

149 1054 262 1136 (icerety
281 1074 376 1136 qucum
393 1055 495 1136 ipmm
512 1053 680 1134 oliquaudo
693 1070 811 1134 poenus
828 1054 910 1118 darc.
939 1053 986 1118 Et
998 1057 1105 1138 paullo

149 1141 248 1206 infra:
284 1141 509 1207 Anaxarchum
536 1140 762 1205 Democriteum
789 1161 811 1205 a
833 1139 947 1223 Oppio
977 1147 1106 1226 turarm

150 1231 401 1310 excarnificatum
414 1230 552 1311 unimus,
571 1228 725 1293 Zeuouem
738 1227 881 1293 Eleatem
893 1230 931 1293 iu
953 1233 1107 1298 tormentis

149 1321 296 1380 uocatum.
334 1316 417 1396 Quiri
442 1317 543 1380 alicam
569 1317 606 1381 cle
628 1315 774 1382 Socrate?
802 1317 891 1381 cuius
916 1321 1013 1383 urorti
1038 1320 1107 1385 illa·

304 1493 559 1558 a
576 1404 1106 1488 r

270 1543 278 1571 5
739 1541 747 1571 i

151 1580 271 1644 lutum?
307 1581 460 1664 Diopeues
481 1581 603 1662 quictem
620 1579 752 1662 Oyuious
773 1581 871 1646 dicere
888 1582 1006 1648 solebat
1021 1584 1107 1648 Har·

148 1668 270 1749 palum,
301 1671 355 1750 qm'
386 1669 567 1752 temporibus
597 1669 663 1734 illis
687 1670 805 1750 praem
830 1669 908 1749 felioc
934 1669 1107 1749 habebatur,

150 1760 256 1822 cmtra
277 1755 360 1822 Deos
383 1758 587 1822 testimouium
609 1757 718 1835 oluere,
740 1757 879 1837 quadiu
901 1757 960 1822 illa
981 1759 1108 1840 samua

151 1851 216 1910 iam
237 1847 292 1911 eliu
314 1847 431 1911 moeret.
457 1845 552 1930 Piget
573 1846 668 1928 plura
689 1846 838 1928 recitare3
861 1848 912 1909 est
930 1847 1020 1912 enim
1041 1848 1109 1934 ipse

152 1931 316 1999 Ciceronis
337 1935 419 1999 liber
441 1934 477 1997 in
499 1933 657 1997 manibus.

218 2021 340 2088 Seneca
369 2023 470 2108 igitur
501 2043 574 2086 cum
606 2025 639 2085 et
670 2021 711 2086 ab
743 2043 782 2085 ea
813 2020 985 2105 disciplina
1018 2027 1112 2108 esset,

152 2133 233 2194 quae
257 2112 367 2177 omnia
388 2111 528 2175 maxima
550 2109 684 2175 minima
707 2109 815 2174 divino
839 2110 975 2175 consilio
996 2113 1110 2197 gnber-

151 2200 223 2261 nari
251 2200 378 2281 statuit,
410 2203 442 2263 et
469 2199 512 2283 ei,
544 2220 640 2282 quem
666 2198 760 2262 unice
787 2197 957 2283 diligebat,
986 2199 1110 2265 Lucilio

151 2285 236 2347 idem
258 2287 484 2367 persuasisset:
513 2288 589 2370 quia
610 2289 721 2350 tamen
744 2287 913 2370 scrupulus
936 2286 972 2350 in
995 2287 1118 2353 Luciliiv

152 2371 260 2435 animo
283 2372 398 2455 aliquis
421 2373 582 2437 residebat
605 2394 643 2437 ex
661 2394 713 2455 eo,
735 2374 821 2457 qnod
843 2374 1027 2458 perspicere
1045 2398 1112 2442 non

150 2462 292 2542 poterat,
310 2480 367 2523 cur
384 2459 472 2525 Deus
491 2461 631 2543 optimos
649 2481 793 2543 quosque
811 2464 862 2526 tot
880 2463 1114 2530 acerbitatibus

151 2547 260 2611 vexari
283 2546 415 2630 sineret,
442 2548 510 2611 eius
533 2548 580 2610 rei
603 2568 732 2612 caussas
761 2549 802 2614 ad
825 2571 899 2615 eum
926 2551 1027 2617 misso
1050 2552 1113 2618 hoc

152 2635 416 2700 commentariolo
447 2635 634 2700 tractandas
662 2637 930 2722 explicandasque
961 2642 1114 2726 suscepit.

151 2723 246 2789 Unde
270 2727 411 2808 constat,
437 2745 546 2790 veram
572 2725 659 2790 illius
685 2726 929 2811 inscriptionem
951 2748 1022 2793 non
1044 2751 1115 2795 esse

152 2834 236 2897 eam,
259 2835 341 2898 quae
363 2816 461 2900 vulgo
484 2818 614 2899 recepta
636 2818 699 2898 est,
721 2836 818 2898 quam
840 2836 901 2900 ego
924 2819 1051 2903 minen,
1073 2839 1118 2882 ne

153 2903 262 2967 omnia
284 2926 404 2970 novare
427 2905 561 2987 dicerer,
583 2903 716 2984 retinui,
743 2902 793 2968 De
810 2904 1019 2986 prouidentia,
1050 2906 1116 2990 sed,

154 2991 256 3069 Quare
293 2993 380 3058 bouis
415 2994 492 3057 airis
527 2993 626 3055 multa
656 2991 743 3056 mala
778 2993 931 3069 mairiam,
967 3012 1039 3057 cum
1076 2996 1120 3060 su

151 3081 356 3156 manileubo,
392 3081 430 3142 ut
466 3081 595 3143 constat
632 3099 670 3142 ex
701 3078 872 3144 Lactantio
908 3079 945 3144 in
980 3081 1038 3145 lib.
1077 3083 1117 3147 de

151 3161 200 3225 ira
219 3162 332 3250 nen),
356 3166 445 3229 ouius
467 3166 566 3229 verba
588 3165 651 3229 huc
670 3167 867 3249 pertinentia
888 3168 924 3231 in
947 3168 993 3232 eis
1017 3171 1119 3254 notis,

153 3271 232 3333 quas
264 3256 372 3315 vestra
404 3272 518 3316 caussa
549 3252 590 3317 ad
621 3253 718 3319 huius
754 3255 829 3320 libri
864 3256 963 3320 finem
995 3257 1122 3344 addidi,

152 3338 327 3423 reperietis.

207 3530 232 3601 *)
251 3530 313 3586 Div.
332 3530 469 3585 Inst'tutt.
488 3529 522 3584 V.
542 3531 577 3587 ds
595 3532 686 3588 Iustit.
706 3549 728 3588 c.
748 3537 790 3587 22.
810 3537 833 3598 9.
854 3540 896 3588 11.
