2332 3824
98 137 141 202 28
475 134 609 193 ORATIO
628 135 677 191 111.

99 283 194 366 solet,
211 281 345 366 reperiri
365 279 541 346 nonnullos
555 295 657 363 usque
672 299 710 345 eo
732 278 897 362 excordes,
925 283 967 345 ut
992 303 1065 348 ora·

98 371 178 436 toris
200 390 318 435 munus
341 368 383 432 ab
409 367 540 432 homine
568 367 792 451 philosophiae
819 367 938 451 ignaro
963 372 1064 436 susti·

97 459 168 524 neri
194 477 290 543 posse
316 454 458 522 credant
498 454 585 520 Nam
611 476 686 520 cum
712 455 761 520 illi
789 455 853 538 ipsi
878 454 1063 543 fateantur,

97 547 161 611 tria
188 566 270 628 esse,
300 564 381 626 quae
405 546 515 610 orator
543 543 678 608 dicendo
708 543 834 608 efficere
861 543 996 630 debeat,
1024 551 1063 612 ut

98 635 194 699 fidem
215 631 316 697 facist
337 631 391 716 iis,
413 631 470 715 qui
492 632 641 715 audiunt,
662 634 700 695 ut
723 653 779 696 eos
802 631 963 697 suavitate
986 656 1060 718 per·

97 720 226 804 fundat,
248 723 282 784 et
302 722 341 785 ut
362 740 474 786 eorum
492 720 617 785 animos
640 719 725 803 aptis
754 723 786 784 et
805 721 1060 787 accommodatis

98 809 140 874 ad
166 808 379 874 obtinendum
404 808 452 892 id,
480 808 566 894 quod
588 808 672 891 vult,
705 808 872 872 affectibus
900 810 1059 875 concitet:

98 896 224 961 nullum
255 900 305 961 est
334 897 465 981 horum,
497 896 584 982 quod
614 896 695 961 milri
726 897 796 960 sine
827 895 1057 981 philosophiae

98 985 218 1050 auxilio
233 985 356 1087 'perfici
382 1005 478 1070 posse
506 985 662 1050 videatur.
698 982 754 1049 An
782 1004 858 1047 vero
886 982 1057 1051 faciendae

98 1073 173 1139 fidei
196 1074 257 1139 erit
242 1074 427 1156 tidoneus,
449 1071 505 1156 qui
526 1093 595 1137 non
616 1073 690 1137 illos
714 1093 734 1136 a
755 1071 958 1155 philosophis
981 1096 1057 1158 pro·

100 1163 187 1246 posit
188 1183 224 1226 os
173 1161 355 1226 tientes
370 1160 478 1225 animo
498 1162 531 1223 et
550 1159 704 1225 memoria
723 1160 901 1243 contineat,
924 1181 964 1225 ex
987 1163 1058 1245 qui
1095 1181 1099 1188 ·

98 1248 159 1313 bus
183 1249 224 1313 ad
247 1269 377 1314 omnem
399 1247 651 1332 disputationem
672 1247 869 1312 incredibilis
885 1269 1057 1334 argumen

97 1338 206 1402 torum
233 1337 327 1422 copia
352 1335 504 1402 emanat?
539 1335 816 1402 Ratiocinationes
844 1339 953 1401 autem
979 1359 1057 1404 con·

97 1428 218 1508 texere,
249 1427 283 1490 et
312 1423 359 1510 id,
391 1423 478 1509 quod
503 1424 707 1508 probandum
738 1425 929 1508 susceperis,
961 1430 1057 1492 acute

99 1512 340 1598 circumscripta
366 1513 571 1580 conclusione
598 1511 767 1596 conficere,
794 1516 866 1578 tum
893 1534 944 1596 ea,
972 1535 1057 1597 quae

33 1660 39 1672 ,
99 1601 140 1665 ab
163 1600 353 1666 adversariis
371 1601 471 1666 allata
487 1600 566 1684 sint,
587 1600 748 1665 subtiliter
770 1600 953 1685 dissolvere,
977 1623 1056 1685 quo·

98 1710 171 1753 rum
192 1688 324 1753 tandem
346 1692 408 1773 est,
432 1689 496 1755 nisi
517 1687 806 1772 philosophorum?
840 1687 955 1773 Neque
977 1712 1056 1757 vero

100 1777 206 1862 video,
223 1798 286 1862 quo
305 1775 401 1842 modo
415 1776 587 1860 delectare,
604 1777 667 1842 nisi
684 1775 769 1843 forte
786 1794 904 1861 pueros
922 1780 981 1842 aut
997 1777 1056 1845 ho-

98 1866 202 1931 mines
229 1886 403 1950 puerorum
429 1865 622 1949 simillimos,
649 1869 747 1950 queat
773 1865 880 1930 inanis
908 1869 942 1929 et
963 1867 1057 1934 nullo

99 1954 219 2020 librata
258 1954 491 2020 sententiarum
525 1953 668 2038 pondere
703 1953 816 2019 oratio.
866 1951 949 2028 Quid
984 1955 1056 2020 ita?

98 2063 215 2127 nempe
237 2043 337 2128 quod,
359 2046 397 2108 ut
417 2043 580 2127 praeclare
603 2042 698 2108 docet
718 2040 924 2125 Aristoteles,
950 2042 979 2106 is
1002 2042 1056 2108 de-

99 2150 188 2194 mum
205 2135 313 2196 motus
331 2130 431 2197 efficit
448 2132 662 2216 voluptatem,
681 2131 736 2214 qui
753 2130 899 2214 perducit
915 2129 949 2194 id
968 2132 1057 2214 quod

100 2219 249 2281 movetur
275 2218 317 2282 ad
344 2221 465 2283 statum
490 2222 626 2284 naturae
652 2219 754 2301 ipsius
777 2218 1056 2284 accommodatum

100 2306 135 2368 et
156 2307 397 2389 congruentem.
432 2304 547 2390 Itaque
570 2325 705 2388 corpora
723 2325 796 2368 cum
815 2311 872 2371 aut
889 2306 1056 2371 exinanita

100 2393 177 2456 sunt
208 2395 265 2457 aut
290 2392 486 2477 redundant,
512 2396 583 2459 tum
609 2392 814 2476 perceptione
842 2394 905 2458 cibi
933 2415 970 2458 ac
997 2417 1055 2478 po·

98 2478 211 2564 tionis,
236 2483 307 2545 tum
333 2480 521 2565 depulsione
547 2485 582 2545 et
606 2480 762 2546 eiectione
789 2481 1056 2567 superfluentium

98 2587 207 2632 rerum
237 2569 412 2652 laetantur,
449 2571 482 2633 et
516 2570 552 2633 1ιι
583 2568 699 2633 animis
734 2569 820 2635 idem
852 2592 913 2635 usu
944 2572 1054 2636 venire

100 2655 294 2721 credendum
316 2660 374 2722 est.
409 2655 493 2732 Quid
514 2658 566 2722 est
587 2659 710 2742 sutem,
731 2659 817 2742 quod
834 2661 952 2723 nutma
972 2659 1055 2724 duce

100 2744 307 2827 concupiscet
333 2744 473 2829 animus,
505 2744 546 2810 ad
576 2745 663 2829 quod
693 2746 830 2830 feratur,
860 2747 951 2811 cuiue
983 2769 1054 2831 per·

99 2834 199 2916 petua
226 2832 318 2916 quasi
349 2833 435 2897 fame
467 2833 583 2917 sitique
609 2834 781 2899 teneatur?
816 2832 975 2899 Doctrina
1005 2836 1054 2899 ni-

100 2919 218 2986 mirum
245 2922 341 3003 atque
369 2921 526 3006 cognitio;
557 2921 611 2986 hic
641 2922 690 2987 illi
722 2923 826 3006 cibus,
857 2922 911 2987 bic
942 2925 1055 3007 pestus

100 3007 249 3092 proprius
272 3028 310 3072 ac
331 3009 489 3074 naturalis
515 3012 577 3092 est3
599 3030 638 3076 eo
661 3010 758 3075 alitur
780 3031 818 3075 sc
839 3009 993 3093 relicitur,
1016 3032 1055 3075 eo

101 3096 266 3160 saturatur
298 3116 335 3159 ac
366 3096 482 3181 gliscit.
525 3097 615 3182 Ergo
651 3098 699 3162 illi
728 3101 859 3164 tantum
890 3099 1055 3163 concionis

101 3183 227 3248 animos
249 3183 425 3250 insatiabili
451 3185 666 3251 oblectatione
694 3185 893 3269 devinciunt,
919 3205 1055 3268 quorum

103 3271 207 3336 omnis
235 3293 339 3336 sermo
367 3293 441 3337 cum
466 3274 659 3338 urbanitatis
690 3274 756 3338 sale
783 3292 969 3356 perspersus
997 3276 1055 3356 est,

103 3361 173 3425 tum
195 3359 365 3426 distinctm
385 3363 421 3426 et
441 3360 642 3428 illuminatus
665 3360 828 3427 doctrinae
850 3359 951 3445 notis,
978 3381 1055 3443 quo-

103 3468 176 3514 rum
201 3469 242 3513 ex
269 3469 337 3534 ore,
366 3451 523 3533 tanquam
550 3471 588 3514 er
619 3445 754 3513 '‘*uui
783 3445 925 3530 quodam
955 3447 1056 3533 fonte,
