2332 3824
164 181 232 247 224
499 133 708 237 1111111110
725 179 787 235 vn.

167 324 362 409 deotissime,
383 324 471 389 huno
491 323 636 389 laborem
652 344 761 387 meum
778 296 952 388 inscribere
967 324 1127 411 quasique
1146 340 1161 366 ·'

167 432 352 479 consecrare
382 412 517 496 placuit,
551 415 635 494 tum,
666 414 704 476 ut
734 412 858 476 extaret
886 410 1151 481 monimentum·

161 501 298 586 'aliquod
333 500 449 566 veteris
485 498 645 563 amicitiae
675 501 819 583 nostrae,
854 502 938 583 tim,
974 502 1014 565 ut
1043 502 1134 569 liber·

166 590 236 673 ipse
258 588 321 654 hoe
341 588 472 654 nomine
495 587 646 652 studiosis
669 588 818 652 omnibus
841 587 965 671 gratior
982 608 1023 655 ae
1039 608 1128 655 eom·
1162 610 1165 616 ·

167 677 349 742 mendatior
378 676 470 741 foret
519 674 566 741 Et
600 696 678 739 sano
714 675 781 740 sire
818 674 1020 759 quaerendus
1046 680 1128 747 ..eret
1153 681 1163 765 ’ἓ

168 765 288 841 amicus
316 764 354 827 da
375 784 428 827 me
455 764 537 828 bene
559 763 706 847 meritus,
732 763 784 827 oui
809 763 872 827 hoo
898 762 1127 837 munusculum
1153 780 1164 818 ’ἑ

167 852 309 935 daretur,
334 852 497 917 neminem
520 850 641 917 ordinis
663 850 767 915 nostri
788 850 949 936 videbam,
977 853 1036 919 oui
1051 852 1157 941 prm..

167 939 329 1004 deboram:
357 940 424 1005 aive
451 939 636 1024 deligendus
662 938 770 1023 iudex,
802 939 858 1024 qui
884 939 923 1004 de
949 938 1159 1027 hiarebmzs.

168 1028 351 1093 existimare
386 1049 470 1092 unus
507 1028 652 1092 omnium
683 1026 804 1110 optime
839 1028 963 1112 posset,
998 1030 1127 1097 nullum
1157 1057 1163 1100 J

167 1117 307 1201 reperire
333 1120 493 1200 poteram,
521 1115 573 1181 oui
598 1115 714 1180 iustius
745 1115 779 1178 id
806 1114 995 1201 deferretur,
1029 1130 1142 1204 quan·

167 1205 237 1269 tibi.
280 1202 358 1270 Non
384 1205 470 1269 enim
497 1206 554 1267 aut
580 1203 751 1268 obscurum
773 1206 831 1267 aut
857 1202 1048 1289 ambiguum
1068 1208 1161 1291 ert-f·

168 1293 253 1355 inter
276 1313 401 1374 omnes,
430 1292 484 1375 qui
507 1291 601 1356 hodie
627 1291 752 1355 litteras
778 1293 933 1376 tractant,
961 1292 1003 1357 ad
1031 1289 1163 1381 quemi]

168 1399 208 1443 ex
228 1377 413 1443 hominibus
435 1378 554 1443 nostris
581 1378 703 1462 primae
732 1379 800 1443 sine
831 1382 1053 1447 controversia
1074 1382 1157 1458 dei?¹

168 1467 320 1533 forantur.
360 1466 442 1532 Vale
464 1488 591 1552 meque,
614 1470 651 1531 ut
672 1467 765 1551 facis,
790 1489 896 1532 amaro
918 1488 1028 1555 perge.
1064 1470 1156 1558 Imm.

169 1555 276 1622 tetiao.
321 1556 367 1623 Id.
390 1554 484 1621 Mart.
508 1573 645 1619 motxn.
1117 1557 1136 1570 ··
