2332 3824
98 145 141 209 52
479 142 614 198 ORATIO
632 143 666 196 V.

8 301 11 306 “
98 290 192 355 ficere
215 311 310 375 posse
330 287 549 354 contendant?
590 286 696 363 Qui
671 309 698 351 s1
715 286 896 370 periculum
914 287 1062 353 facerent

98 379 175 464 ipsi,
202 399 300 462 quam
320 397 389 441 101
412 376 628 458 quarumlibet
648 374 766 440 virium
788 374 831 439 sit
852 397 978 440 munus
1001 377 1062 442 hoc
1102 374 1104 381 '

98 467 159 551 ita,
181 470 219 531 ut
239 487 300 531 101
322 464 472 548 facimus,
500 464 658 528 sustinere
681 466 714 526 01
736 463 880 547 exsequi,
908 464 1061 530 fortassis

100 554 297 639 experientia
323 552 429 616 edocti
455 552 561 616 minus
589 551 628 615 de
652 572 686 616 se
709 551 792 614 elate
819 572 858 614 ac
885 553 1062 638 magnifice

101 643 271 722 sentirent,
298 639 406 704 minus
429 640 468 704 de
491 639 562 703 aliis
585 638 738 704 maledice
761 640 1062 725 contumelioseque

100 691 315 812 loquerentur
365 725 427 792 Sed
459 728 646 793 omittamus
676 728 764 792 istos.
818 724 940 793 Nescio
976 731 1063 794 enim

100 838 164 900 quo
186 816 283 882 modo
310 816 518 899 factumest,
545 818 595 900 11,
622 815 721 880 dere
749 814 891 879 dicere
881 837 1063 902 mgressus,

101 905 140 969 de
163 926 214 968 me
239 905 454 988 pluraquam
475 866 640 969 voluerhm
663 902 809 985 dixerim,
837 903 964 985 quod
953 927 1064 989 rpsum

100 995 138 1056 11
151 993 303 1078 facerem,
317 993 519 1077 quorundam
532 1013 583 1055 me
598 991 779 1074 hominum,
793 1011 874 1075 quos
887 993 1064 1059 nominare

100 1081 185 1147 nihil
207 1103 337 1147 1000110
359 1081 478 1164 habeo,
499 1079 653 1163 iniquitas
676 1080 790 1164 coegit.

167 1169 340 1234 Difficilior
356 1189 430 1232 cum
447 1168 493 1232 eis
515 1167 649 1232 luctatio
673 1171 735 1250 es,t
758 1167 813 1250 qui
832 1171 1064 1268 103111101-

101 1257 251 1322 monibus
269 1255 389 1321 nostris
404 1276 596 1338 quemquam
614 1255 655 1319 ad
673 1218 825 1320 virtutem
846 1255 993 1342 incitari,
1018 1258 1065 1324 id·

102 1365 163 1427 que
187 1364 286 1408 0100
310 1343 479 1428 colligunt,
502 1343 588 1426 quod
608 1344 793 1427 saepissime
813 1343 993 1430 contingit,
1018 1350 1066 1431 ut,

102 1433 157 1517 qui
185 1432 305 1517 optime
331 1431 520 1515 loquuntur,
546 1432 683 1515 pessime
710 1433 829 1496 vivant.
883 1429 956 1496 Nos
985 1456 1065 1501 vero

103 1521 130 1584 si
153 1520 343 1604 diceremus,
371 1540 442 1584 eam
467 1519 504 1584 in
526 1519 797 1620 disputationibus
824 1519 1065 1620 philosophicis

101 1608 207 1672 inesse
230 1609 308 1692 vim,
330 1611 368 1674 ut
390 1630 428 1672 ex
451 1607 650 1671 audientium
669 1608 785 1672 animis
804 1607 883 1672 vitia
903 1609 1066 1676 radicitus

103 1696 251 1780 evellere,
266 1697 464 1798 virtutesque
484 1695 603 1760 eisdem
620 1696 810 1780 ingenerare
827 1699 978 1780 possent,
998 1721 1066 1763 110

102 1784 165 1850 rito
186 1787 224 1848 ut
243 1785 320 1849 vani
342 1787 438 1868 atque
458 1784 566 1868 inepte
589 1784 721 1868 gloriosi
743 1783 1065 1867 reprehenderemur.

102 1871 187 1938 Mult
173 1877 223 1938 tas
238 1894 435 1959 magnasque
449 1871 623 1955 mercedes,
636 1875 673 1936 ut
686 1872 733 1937 ait
744 1871 921 1956 Theognis,
934 1871 1067 1940 ferrent

102 1962 302 2064 philosophi,
330 1922 1065 2062 11,1101111110111101100110111101001-

102 2051 191 2152 11111
214 2052 280 2116 suis
302 2012 450 2115 horhines
473 2049 583 2114 statim
602 2048 840 2114 convertebat
831 2069 867 2111 1n
888 2047 991 2132 10111,
1017 2053 1066 2116 110

102 2138 166 2222 ipsi
189 2139 255 2203 suis
278 2139 479 2204 sermonibus
502 2159 540 2202 ex
566 2137 643 2201 feris
670 2101 1000 2220 1011110111001011,
1030 2140 1066 2206 11

104 2225 331 2307 011,]10111101
349 2227 491 2290 ferarum
509 2226 687 2289 simillimos
706 2224 747 2288 ad
762 2225 914 2289 virtutem
932 2246 952 2286 1
970 2189 1067 2313 vitio,

104 2311 145 2376 ad
158 2274 317 2376 'rationem
332 2333 351 2375 1
363 2313 485 2395 furore
500 2312 540 2376 ad
553 2311 789 2376 humanitatem
803 2313 843 2376 ab'
857 2281 1067 2381 immanitate

104 2402 300 2464 revocarent.
327 2363 500 2463 1111011011
519 2398 638 2480 aliquid
657 2420 691 2462 10
710 2399 883 2482 aliquando
902 2400 1067 2468 eiusmodi

105 2486 246 2552 effecisse
268 2487 491 2570 philosophiae
514 2485 745 2571 gloriarit
669 2485 753 2550 licet.
790 2487 950 2552 Producat
973 2491 1065 2556 enim

103 2574 312 2640 Polemonem
332 2575 372 2639 ab
390 2574 505 2638 infami
523 2574 590 2638 vita
609 2574 814 2660 moribusque
834 2575 1065 2661 perditissimis

105 2664 146 2728 ad
164 2663 283 2727 bonam
300 2662 428 2748 frugem
442 2662 529 2726 etad
543 2663 745 2729 severitatem
757 2664 854 2729 unica
867 2663 1065 2733 Xenocratis

104 2751 322 2835 disputatione
344 2754 538 2816 revocatum.
588 2749 650 2816 Sed
676 2756 715 2817 ut
743 2775 811 2817 101
837 2772 997 2837 peraeque
1025 2755 1064 2821 in

105 2839 255 2905 omnibus
285 2840 406 2925 campis
436 2841 645 2926 agricultura,
673 2842 721 2905 ita
749 2862 817 2906 101
845 2840 880 2904 in
910 2841 1064 2910 omnibus

105 2929 221 2993 animis
243 2929 450 3014 philosophia
471 2930 556 2994 idem
574 2929 682 2993 efficit.
719 2926 804 2993 Illud
824 2927 952 3011 quidem
974 2934 1064 2996 certe

105 3017 219 3101 negari
241 3039 309 3082 101
331 3021 452 3102 potest,
476 3020 533 3081 aut
554 3016 677 3080 nullam
700 3017 832 3081 omnino
856 3037 925 3080 esse
948 3019 1064 3104 artem,

105 3125 188 3186 quae
219 3105 385 3170 medeatur
417 3105 546 3187 animis,
579 3124 660 3186 quae
687 3107 809 3188 quanta
840 3105 883 3169 sit
913 3104 949 3167 in
973 3105 1063 3172 vitiis

106 3191 307 3276 deformitas,
331 3197 452 3276 quanta
474 3193 508 3256 11
526 3191 645 3256 virtute
665 3192 807 3278 dignitas
830 3192 956 3275 doceat,
979 3214 1064 3277 quae

107 3281 148 3344 ab
170 3279 392 3364 111110101101,
415 3280 456 3345 01
478 3279 564 3344 hanc
585 3279 711 3364 incitet,
734 3282 883 3345 anteum
903 3279 1063 3349 honorem

107 3367 333 3454 philosophiae
356 3368 561 3452 potissimum
582 3389 651 3433 esse
673 3367 889 3433 tribuendum.

175 3455 267 3533 Quod
287 3459 395 3522 autem
410 3456 578 3540 obiiciunt,
600 3457 770 3540 plerosque
793 3455 1065 3540 philosophorum
