2332 3824
166 185 228 252 158
527 185 663 244 casulo
681 187 755 244 XVI.

163 328 347 420 cellarios*)
388 334 422 397 01
457 331 634 398 nubentem
669 331 795 398 Neroni
832 329 987 420 Sporum,
1023 335 1125 422 Dory·

161 422 265 506 phoro
288 419 466 504 Neronem3
488 442 584 486 10000
606 419 717 505 etiam,
740 442 821 504 quas
843 421 880 485 in
901 422 968 488 illis
992 423 1124 510 flagitiis

162 509 322 594 miserint,
351 509 443 592 quasi
474 508 555 574 haec
587 509 666 574 scire
702 513 907 610 posterorum
940 511 1123 578 interesset:

162 599 1124 770 lats..statutt..ttstttfttmmllt

161 772 291 836 interim
321 771 368 836 ita
400 773 561 837 subtiliter
591 793 629 837 ac
659 772 879 859 particulatim
910 778 1122 861 persequitur,

160 862 198 924 ut
220 860 334 925 docere
356 861 496 926 voluisse
518 861 673 926 videatur.
707 859 748 925 In
770 860 885 926 Tacito
912 863 1000 928 111111
1024 865 1122 930 simile

160 948 311 1034 reperias.
348 947 441 1013 Talia
468 951 525 1013 aut
551 949 706 1033 praeterit
727 952 784 1013 aut
810 950 859 1012 ita
881 950 1065 1039 significat,
1089 957 1123 1018 ut

162 1037 267 1103 odisse
290 1040 324 1102 et
346 1038 518 1102 abhorrere
541 1036 664 1120 videas,
689 1057 771 1120 non,
798 1037 954 1102 utillum
978 1042 1122 1124 alterum,

162 1126 275 1210 cupide
302 1125 339 1190 in
366 1126 412 1190 eis
438 1124 611 1190 immorari.
651 1124 741 1189 Inter
767 1123 930 1208 Vopiscos
962 1127 1069 1214 igitur
1094 1134 1124 1193 et

162 1211 350 1295 Spartianos
369 1216 402 1275 et
419 1212 623 1296 Lampridios
646 1217 680 1278 at
702 1212 858 1277 eiusmodi
881 1214 1029 1281 vitarum
1052 1218 1123 1282 scri-

160 1303 270 1382 ptores
290 1296 462 1363 Suetonius
486 1299 641 1384 emineat,
663 1301 721 1365 illa
742 1321 776 1365 se
798 1301 898 1364 iactet
920 1302 958 1366 in
976 1303 1124 1390 aula**);

160 1386 223 1452 hoc
250 1386 363 1451 ceteris
390 1387 517 1472 melior,
536 1388 635 1472 ,quod
668 1388 783 1453 aetatis
815 1389 975 1455 beneficio
1010 1395 1124 1458 melius

161 1497 259 1560 quam
285 1476 333 1540 illi
360 1474 476 1541 Latina
502 1477 658 1560 loquitur:
687 1476 729 1541 ad
756 1476 861 1542 Taciti
893 1478 1031 1561 quidem
1059 1484 1123 1568 glo·

160 1564 242 1627 riam
269 1565 410 1648 aspirare
438 1567 495 1629 aut
518 1586 551 1629 se
582 1586 654 1629 cum
682 1586 720 1630 00
748 1565 894 1630 conferre
923 1567 952 1630 si
973 1570 1125 1655 voluerit,

161 1651 305 1716 omnium
337 1652 536 1717 eruditorum
566 1652 711 1718 convicio
743 1653 919 1736 vapulabit
960 1654 1126 1741 Equidem

161 1739 247 1824 quod
270 1741 311 1805 ad
333 1762 384 1805 me
407 1742 537 1824 attinet,
561 1737 707 1805 Suetonii
731 1741 903 1806 lectionem
925 1763 997 1808 1011
1016 1748 1125 1812 minus

161 1850 259 1912 quam
291 1827 410 1895 Catulli
446 1831 504 1894 aut
529 1827 688 1893 Martialis
727 1828 988 1896 adolescentibus
1016 1837 1125 1917 perni-

161 1917 293 2002 ciosam,
330 1916 428 1981 ctiam
463 1917 672 1982 confirmatae
704 1917 820 1981 aetatis
848 1917 931 1982 ¹viris
962 1922 1125 2004 pericqu

162 2026 231 2069 sam
276 2008 342 2070 uto.

226 2029 432 2158 11101101
455 2095 504 2158 est
525 2093 561 2158 in
582 2093 719 2160 historia
737 2092 877 2158 Tacitus.
906 2093 1007 2162 Mitto
1027 2099 1124 2184 quod,

162 2181 190 2244 si
217 2181 280 2247 hoc
306 2182 444 2246 maxime
468 2185 644 2267 constaret,
672 2203 746 2246 aum
772 2181 1004 2249 historicorum
1034 2209 1123 2254 more

160 2269 280 2350 aliquid
311 2269 474 2333 interdum
510 2291 579 2335 esse
615 2271 800 2353 mentitum,
835 2291 904 2334 non
942 2274 1060 2339 tamen
1091 2276 1123 2340 id

159 2356 251 2419 valde
278 2357 373 2421 nobis
402 2357 579 2421 curandum
607 2378 675 2421 esse
703 2359 885 2422 arbitrarer.
921 2356 1003 2425 Non
1026 2364 1123 2448 euim,

159 2463 240 2526 quae
264 2443 304 2507 ab
328 2464 365 2508 eo
389 2448 575 2527 narrantur,
597 2444 755 2509 eiusmodi
778 2449 866 2529 sunt,
893 2449 931 2511 ut
953 2448 1122 2532 piaculum

99 2599 105 2608 ‚
159 2530 214 2608 sit,
246 2531 421 2614 quidquam
451 2531 487 2595 in
518 2531 578 2614 eis,
610 2532 696 2614 quod
727 2555 838 2598 1011111
869 2554 938 2599 101
971 2537 1030 2623 sit,
1063 2561 1121 2623 pro

157 2640 233 2683 1010
271 2617 450 2683 credidisse.
495 2616 558 2683 sed
594 2622 705 2684 tamen
741 2622 812 2705 quis
849 2643 923 2686 eum
956 2626 1121 2692 mendacii

158 2707 309 2774 accusat?
345 2705 515 2793 Vopiscus.
551 2706 635 2785 Quid
661 2709 721 2773 iste
748 2709 922 2794 Vopiscus,
955 2713 1036 2795 quid
1064 2716 1120 2780 ho·

158 2798 255 2865 minis
283 2797 357 2864 est?
399 2796 537 2875 Quidam
564 2795 709 2864 Suetonii
732 2797 858 2881 simius,
883 2798 984 2883 longe
1006 2804 1120 2868 tamen

159 2888 199 2952 ab
228 2911 265 2954 eo
294 2889 431 2954 distans:
459 2889 528 2972 qui,
555 2909 628 2952 cum
655 2907 688 2951 se
715 2886 855 2970 aliquem
881 2884 984 2950 videri
1011 2891 1120 2974 vellet,

158 2975 343 3058 affirmavit,
366 2976 528 3040 neminem
551 2975 757 3058 scriptorum,
779 2976 936 3058 quantum
955 2975 998 3040 ad
1016 2976 1118 3043 histo
1164 2969 1166 3038 l

101 3070 105 3078 “
157 3060 219 3122 rim
245 3063 434 3144 pertineret,
462 3081 529 3125 non
553 3059 673 3142 aliquid
697 3083 765 3126 esse
788 3061 975 3146 mentitum,
998 3065 1118 3148 gloria

158 3146 277 3226 tueque
305 3150 368 3231 est,
393 3148 497 3211 multa
524 3166 557 3210 00
579 3149 771 3233 prodidisse,
797 3150 833 3214 in
855 3149 973 3233 quibus
996 3150 1118 3238 Livius,

209 3369 235 3440 *)
254 3365 413 3433 Saliarium,
431 3369 489 3436 vel,
507 3370 541 3425 ut
559 3369 755 3442 Oudendorpio
778 3374 884 3443 placet,
909 3376 1025 3432 sellaria
1044 3396 1117 3436 com·

158 3440 294 3497 memorat
312 3437 461 3493 Suetonius
481 3439 542 3495 Tib.
561 3447 604 3496 43.
624 3457 680 3495 non
704 3443 835 3498 cellarios.
855 3443 966 3499 Ruhnk.
1015 3451 1060 3521 **)
1084 3450 1117 3506 cf.

157 3508 236 3583 Virg.
255 3511 322 3566 Aen.
344 3514 367 3562 1.
389 3513 448 3562 144.
