2332 3824
164 177 232 241 214
515 176 723 234 PRAEFATIO
742 177 776 235 V.

230 322 358 388 Primae
381 324 488 387 autem
509 321 545 386 in
562 322 623 387 hac
641 319 837 407 cogitatione
857 327 1034 390 occurrunt
1055 327 1123 391 illae

164 411 309 476 omnium
330 411 563 476 laudandarum
580 410 698 476 artium
719 411 886 495 ipsiusque
909 412 993 478 adeo
1016 415 1123 480 huma·

163 500 276 564 nitatis
294 504 443 583 parentes
465 498 628 581 Athenae,
657 520 753 582 quam
777 499 909 582 optimis
934 502 1054 568 studiis
1077 501 1122 567 de

164 588 278 672 ditem,
295 589 447 652 refertam
461 587 587 650 assidue
606 590 714 670 atque,
734 589 772 650 ut
789 587 836 651 ita
856 587 1010 674 dixerim,
1029 592 1122 656 fetam

163 675 386 740 eruditissimis
417 674 603 740 hominibus
630 674 792 739 civitatem
821 675 872 739 cui
902 698 1054 762 unquam
1079 680 1122 744 in-

164 764 299 846 signiter
336 763 485 828 adiuvare
521 763 652 846 impune'
688 762 802 827 licuit?
846 761 925 828 Non
963 767 1024 831 illa
1054 767 1122 832 Mil-

161 851 294 934 tiadem,
313 848 493 935 Cimonem,
511 851 774 935 Themistoclem,
784 848 978 938 Aristidem,
992 854 1121 921 Aeschi-

161 959 250 1023 nem,
276 937 541 1023 Demosthenem,
568 961 704 1024 quorum
726 939 871 1004 omnium
894 944 1035 1009 summis
1059 949 1122 1010 erat

161 1049 221 1090 usa
247 1028 421 1112 beneficiis,
448 1028 484 1092 in
510 1027 640 1092 exilium
662 1026 808 1111 pepulit?
840 1026 918 1093 Non
941 1031 1026 1096 illud
1053 1056 1120 1117 pro·

161 1114 286 1200 bitatis,
308 1116 496 1200 modestiae,
518 1116 728 1200 integritatis,
752 1115 930 1198 sapientiae
949 1121 1120 1207 specimen,

162 1201 326 1269 Socratem
356 1225 479 1269 veneno
515 1202 654 1288 necavit,
690 1207 723 1267 et
754 1205 931 1271 constituto
970 1209 1120 1276 adversus

158 1290 276 1372 impios
322 1312 359 1354 ac
403 1312 500 1373 prave
551 1291 590 1354 de
639 1292 735 1357 rebus
780 1292 897 1358 divinis
944 1298 1119 1364 sentientes

160 1378 316 1462 supplicio
340 1399 413 1442 eum
434 1378 602 1461 potissime
626 1380 743 1464 affecit,
769 1380 824 1464 qui
846 1402 931 1446 unus
956 1405 996 1448 ex
1021 1388 1119 1452 omni·

158 1465 219 1531 bus
244 1467 284 1531 ad
305 1488 414 1531 veram
427 1464 489 1531 Dei
511 1467 727 1552 cognitionem
749 1468 895 1552 proxime
918 1476 1119 1540 accesserat?

160 1553 222 1619 Sed
244 1554 392 1620 Romana
413 1556 594 1638 respublica
616 1559 737 1640 quanto
756 1559 878 1622 ceteras
897 1579 1013 1626 omnes
1032 1585 1118 1649 mag·

157 1642 304 1706 nitudine
323 1643 439 1707 virium
458 1647 554 1728 atque
572 1644 698 1727 imperii
716 1644 926 1726 amplitudine
947 1652 1118 1736 superavit,

156 1733 250 1796 tanto
268 1731 422 1796 maiorem
441 1732 536 1796 nobis
555 1734 650 1816 atque
669 1732 858 1815 ampliorem
874 1733 972 1801 huius
992 1741 1117 1822 generis

158 1820 376 1904 exemplorum
403 1820 529 1902 copiam
556 1819 786 1884 subministrat
832 1819 931 1886 Cuius
953 1824 991 1890 in
1018 1826 1117 1893 histo·

121 1935 124 1942 ·
157 1908 239 1972 riam
262 1907 407 1992 quisquis
429 1907 620 1992 ingreditur,
643 1908 671 1972 is
693 1907 821 1990 inipso
845 1909 938 1993 quasi
956 1915 1117 1980 vestibulo

156 1995 248 2060 illum
279 1996 386 2078 ipsum
417 1995 506 2059 urbis
533 1998 699 2078 parentem
725 1995 900 2060 Romulum
928 2005 1116 2067 senatorum

156 2083 306 2148 manibus
320 2083 536 2147 crudelissime
551 2083 744 2167 discerptum
758 2105 795 2147 ac
814 2083 1008 2152 dilaniatum
1021 2091 1115 2157 videt

156 2170 290 2255 Quodsi,
321 2175 389 2235 tam
415 2171 568 2236 horrendi
594 2172 745 2237 facinoris
777 2171 911 2236 immani
943 2178 1116 2242 atrocitate

152 2262 312 2342 spectata,
348 2259 435 2324 intro
467 2262 579 2322 tamen
609 2259 655 2322 ire
687 2259 874 2344 perrexerit,
910 2282 981 2326 non
1019 2266 1116 2352 longe

153 2367 342 2430 progressus
367 2345 496 2412 obvium
519 2346 652 2410 habebit
675 2346 883 2431 Collatinum,
911 2349 953 2413 ob
982 2351 1115 2418 inanem

153 2433 317 2518 popularis
341 2455 436 2498 aurae
460 2434 674 2517 suspicionem
700 2435 736 2498 in
758 2435 887 2499 exilium
909 2439 1115 2519 proficiscen·

149 2524 220 2585 >tem
242 2542 281 2584 ea
303 2541 342 2584 ex
363 2522 455 2604 urbe,
479 2543 576 2605 quam
598 2521 667 2603 ipse
690 2543 811 2607 magna
833 2544 872 2586 ex
892 2528 987 2606 parte
1012 2529 1113 2594 domi-

149 2611 232 2672 natu
254 2607 343 2693 regio
365 2608 525 2672 liberarat.
570 2606 677 2692 Atque
699 2613 737 2673 ut
759 2609 966 2676 Coriolanum
994 2617 1113 2682 tacitus

148 2701 364 2784 praeteream,
395 2695 540 2763 Marcum
571 2700 656 2762 certe
684 2695 867 2782 Camillum,
897 2699 986 2765 haud
1019 2704 1112 2769 facile

153 2789 300 2876 dixerim,
345 2788 517 2854 militarine
556 2787 688 2870 virtute,
733 2809 775 2850 an
820 2787 882 2851 fide
922 2788 1113 2878 iustitiaque

152 2878 321 2962 maiorem,
348 2882 381 2943 et
406 2878 575 2942 mirabitur
601 2879 635 2940 et
660 2874 864 2940 miserabitur
891 2875 1004 2942 eadem
1028 2881 1111 2944 cala

148 2966 264 3030 mitate
296 2966 485 3049 perculsum.
531 2962 713 3044 Scipionem
739 2984 814 3028 vero
840 2963 945 3048 illum,
977 2965 1019 3030 de
1048 2989 1111 3053 quo

150 3071 224 3121 vere
248 3053 419 3133 scripserat
441 3049 581 3129 Ennius,
609 3051 733 3114 nullam
756 3051 785 3115 ei
808 3053 961 3136 statuam,
984 3055 1110 3120 nullam

148 3137 334 3199 columnam
370 3159 390 3200 a
424 3137 544 3218 populo
579 3133 728 3203 Romano
765 3139 845 3223 erigi
880 3160 989 3225 posse,
1029 3165 1109 3229 quae

150 3222 366 3305 magnitudini
391 3243 500 3285 rerum
526 3220 567 3284 ab
597 3221 669 3304 ipso
702 3229 865 3310 gestarum
891 3230 1110 3316 responderet,

151 3309 222 3394 quis
246 3312 306 3393 est,
329 3309 397 3392 qui,
420 3329 492 3372 cum
514 3309 707 3375 intellexerit
733 3333 771 3377 eo
797 3317 873 3397 post
898 3317 949 3379 tot
975 3319 1109 3404 tamque

149 3398 293 3484 insignes
315 3395 464 3462 victorias
486 3396 663 3482 redactum,
685 3401 723 3462 ut
740 3402 886 3465 exsilium
910 3403 973 3467 sibi
994 3411 1109 3491 suapte

150 3492 265 3569 sponte
280 3483 480 3568 consciverit,
499 3506 566 3551 non
585 3485 766 3551 debilitetur
784 3509 821 3552 ac
835 3489 984 3556 concidat
998 3496 1108 3560 animo
