2332 3824
140 195 205 261 126
503 188 639 247 οιιιιο
658 189 735 247 ιιιι

138 363 211 408 rum
232 341 431 423 laudatores,
460 341 516 406 sed
539 339 661 406 strenui
684 339 796 424 potius
819 340 1027 428 imitatores,
1049 365 1113 410 non

140 436 207 496 tam
240 432 281 496 ad
312 430 478 516 praeclara
515 429 621 495 studia
652 427 849 493 cohortandi
883 431 982 512 estis,
1018 454 1112 517 qnam

140 521 284 604 exemplo
308 523 414 584 vestro
438 517 608 582 excitare
598 516 662 601 rpsi
684 515 767 582 alios
789 536 830 582 ao
858 482 1037 584 cohortari
1057 542 1111 606 po·

138 609 242 674 testis.

205 695 318 778 ltaque
340 715 400 778 pro
424 696 512 760 certo
534 693 652 772 habeo,
678 694 786 758 totum
812 690 848 757 id
870 697 1028 780 tempus,
1051 718 1110 782 quo

138 783 233 849 nobis
246 782 309 846 huc
324 803 382 866 per
396 782 518 847 calores
533 781 703 847 convenire
712 800 782 845 non
793 780 899 864 licuit,
912 805 987 849 non
1001 788 1110 850 tamen

139 869 272 935 avobis
295 870 446 957 languori
469 892 506 935 ιι
530 869 669 934 desidiae
692 868 820 953 datum,
843 833 917 953 sed,
947 876 1108 957 quatenus

138 958 242 1040 licuit,
261 980 372 1023 earum
390 959 534 1044 ipsarum
552 957 682 1041 artium,
700 977 839 1040 quarum
857 978 974 1024 amore
992 961 1108 1047 flaga-

138 1048 195 1131 tis,
218 1048 383 1112 umbratili
404 1069 442 1112 ac
465 1046 641 1112 domestica
659 1044 889 1110 exercitatione
908 1048 1107 1114 traductum.

140 1134 193 1201 Sic
230 1137 404 1220 agricolae,
440 1134 496 1200 ubi
526 1135 735 1218 tempestates
767 1134 872 1199 malae
907 1140 1003 1223 sunt,
1037 1159 1106 1202 cum

140 1245 221 1308 opus
244 1224 315 1286 fieri
337 1245 405 1288 non
427 1226 549 1306 potest,
572 1223 632 1288 sub
654 1224 741 1287 tecto
762 1224 876 1286 temen
894 1225 987 1307 quod
1007 1230 1105 1312 agant

139 1310 317 1394 reperiunt,
354 1332 391 1375 ac
426 1331 468 1374 ne
504 1310 593 1394 ipsos
631 1309 759 1394 quidem
794 1309 899 1374 festos
936 1312 1008 1378 dies
1047 1314 1104 1379 sibi

139 1420 272 1484 prorsus
295 1398 426 1463 inutiles
450 1397 580 1463 effluere
603 1402 660 1482 pat
661 1399 717 1463 iun
717 1400 779 1462 ι.ιιι
812 1395 866 1462 sio
888 1398 1029 1486 milites,
1050 1402 1104 1466 ubi

140 1510 195 1553 eos
217 1487 357 1552 horrifer
379 1487 538 1571 aquilonis
562 1485 711 1551 stridor'
701 1508 737 1551 ιιι
758 1485 898 1552 hiberna
916 1451 1103 1574 compirlsos

139 1576 264 1639 bellicis
301 1575 488 1640 muneribus
525 1575 672 1640 avocavit
675 1573 864 1658 ,quotidie
900 1577 1017 1642 tamen
1049 1581 1103 1643 ant

140 1684 235 1727 cursu
258 1666 315 1727 aut
338 1665 423 1728 saltu
446 1664 561 1728 autad
583 1625 694 1747 paludi
712 1664 914 1747 exercentur,
939 1669 1000 1730 aut
1019 1666 1102 1732 fictis

139 1751 224 1816 inter
247 1772 281 1816 se
308 1752 503 1836 praeliorum
528 1751 725 1836 imaginibus
753 1750 921 1833 dimicant,
950 1757 1010 1819 aut
1037 1755 1102 1840 gla-

119 1841 210 1905 dios
238 1843 372 1921 acuunt,
404 1843 461 1904 aut
488 1861 577 1903 arma
608 1839 749 1923 poliunt,
781 1860 862 1922 quae
895 1840 1037 1926 deniqne
1069 1844 1102 1907 in

139 1929 225 1995 bello
249 1930 321 1994 usui
344 1928 454 1993 sutura
477 1930 567 2009 sunt,
590 1948 628 1992 ea
651 1927 760 1992 omnia
781 1927 817 1990 in
839 1948 920 2012 pace
942 1930 1101 1995 meditan-

139 2021 201 2081 tur.
243 2016 335 2093 Quod
363 2037 423 2102 ego
451 2020 489 2080 ut
515 2015 595 2080 mihi
623 2015 661 2080 de
688 2014 781 2080 robis
812 2016 961 2100 polliceri
990 2019 1101 2103 audeo,

140 2106 187 2169 ita
210 2106 301 2170 vobis
331 2105 369 2170 de
392 2126 444 2169 me
472 2105 568 2189 plane
592 2103 782 2169 confirmare
805 2125 949 2187 possum.
987 2105 1100 2191 Neque

140 2193 226 2256 enim
249 2194 330 2257 mihi
353 2194 503 2258 minuso
505 2193 589 2257 tiosa
611 2193 678 2256 ulla
701 2213 775 2276 pars
800 2191 878 2256 anni
901 2192 980 2274 fuit,
1004 2216 1100 2279 qnam

140 2300 221 2362 quae
249 2280 291 2343 ad
318 2281 407 2362 quiet
408 2301 459 2344 em
486 2301 639 2345 concessa
665 2281 796 2345 videbat
796 2301 843 2344 ur
879 2244 994 2345 Libuit
1021 2283 1100 2348 mihi

139 2366 275 2430 istorum
299 2370 469 2450 potentum
492 2369 757 2432 consuetudinem
774 2367 894 2432 imitari
912 2371 946 2432 et
963 2373 1101 2455 tentare,

139 2475 231 2537 num,
264 2475 343 2537 quas
376 2454 440 2518 illis
472 2455 586 2518 aestat
577 2476 604 2517 rs
631 2458 776 2537 tempore
803 2456 952 2539 voluptat
953 2477 988 2522 es
1023 2460 1099 2524 divi·

139 2542 259 2607 tiarum
287 2563 418 2606 suarum
445 2546 572 2626 magmt
548 2541 636 2605 'tudo
668 2547 825 2626 praestat,
857 2544 988 2610 easdem
1021 2548 1101 2613 mihi

139 2631 174 2694 in
200 2651 235 2694 re
263 2633 355 2694 curta
382 2649 419 2693 ac
446 2630 537 2694 tenui
564 2629 672 2695 studia
697 2653 770 2696 mea
797 2631 1004 2716 suppeditare
1028 2658 1100 2721 pos·

141 2723 220 2784 sent.
261 2717 367 2807 Igitur
397 2722 435 2785 ιιι
465 2718 514 2784 illi
546 2742 584 2785 ea
613 2722 806 2805 tempestate
837 2720 916 2784 anni
947 2729 1101 2791 montosa

140 2814 173 2875 et
204 2810 320 2877 altiora
351 2811 423 2876 loca
454 2812 487 2876 et
519 2811 660 2877 saltuum
686 2831 723 2874 ac
755 2829 923 2873 nemorum
957 2813 1101 2894 opacita-

139 2902 207 2965 tem
246 2904 487 2985 consectantur,
528 2901 574 2966 sic
610 2902 643 2963 et
679 2919 739 2983 ego
775 2895 964 2961 Heliconios
1001 2901 1102 2965 colles

140 2991 173 3049 et
210 2991 282 3052 avia
317 2989 480 3053 Pieridum
515 2989 587 3051 loca
622 3005 799 3070 peragrans
836 2988 905 3049 aest
905 3007 962 3048 um
1000 2990 1101 3054 ambi·

138 3071 238 3134 tionis
275 3075 491 3156 avaritiaeque
527 3070 678 3135 vitabam.
719 3072 765 3138 Ut
800 3072 847 3137 illi
884 3073 925 3136 ad
956 3073 1103 3141 fontium

139 3159 197 3215 aut
232 3157 402 3221 fluminum
440 3158 552 3257 capita·
584 3158 679 3222 strati
714 3162 863 3225 cantibus
900 3159 1105 3232 avicularum

140 3239 283 3304 animum
316 3244 494 3325 oblectant,
527 3244 572 3308 sic
605 3247 638 3308 et
669 3265 729 3331 ego
758 3249 799 3312 ad
826 3249 900 3313 illos
928 3270 1041 3316 sacros
1071 3259 1104 3320 et

139 3329 237 3430 vulgo
269 3329 401 3414 ignotos
432 3293 554 3415 fontes,
587 3354 626 3397 ex
657 3335 774 3418 quibus
802 3336 907 3402 omnis
935 3338 1104 3424 elegantia

140 3417 308 3503 omnisque
347 3416 534 3496 humanitas
574 3421 609 3485 in
645 3423 746 3487 vitam
785 3424 956 3489 hominum
996 3427 1105 3516 fluxit,

139 3508 279 3574 molliter
301 3507 499 3592 compositus
526 3529 565 3573 ex
586 3509 643 3574 illo
666 3511 828 3577 ambrosio
851 3515 996 3577 veterum
1023 3525 1105 3602 pot·
