2332 3824
98 189 161 256 186
293 174 298 181 ’
442 189 578 247 onemo
598 189 700 247 xvrn

143 334 380 422 ¹Argumenta,
416 336 532 420 quibus
567 335 733 420 nituntur,
768 336 829 420 qui
867 341 1071 407 contrariam

98 426 293 490 sententiam
327 427 473 509 tuentur,
507 424 637 488 infirma
667 445 803 508 prorsus
837 429 872 490 et
907 428 1070 495 imbecilla

99 516 184 579 sunt.
210 512 315 579 Aiunt
336 516 460 579 veteres
482 513 568 597 illos,
590 512 647 595 qui
668 515 765 576 tanta
785 513 825 577 in
848 515 1068 584 admiratione

99 604 188 686 sunt,
207 623 266 667 sua
279 623 437 686 quemque
450 600 563 686 lingua
575 599 836 684 philosophatos.
864 601 945 688 Ego
962 611 1067 672 eutem

97 690 146 754 ita
172 688 361 773 respondeo:
402 687 437 754 Si
468 689 531 754 illis
560 709 688 772 quoque
715 690 927 772 temporibus
956 692 1066 781 lingua

98 777 207 860 aliqua
235 777 352 841 fuisset
382 776 561 843 communis
596 776 755 861 omnium,
787 779 846 860 qui
878 780 1064 868 ubicunque

98 866 219 948 essent,
242 865 455 951 eruditorum,
475 866 590 951 ignota
607 864 735 949 ceteris,
759 866 873 948 quales
897 868 968 935 hoc
991 876 1063 937 tem·

97 973 176 1037 pore
204 951 359 1019 Graecam
391 956 425 1019 et
450 953 600 1019 Latinam
632 973 702 1017 esse
734 957 881 1039 constat,
915 979 990 1025 non
1021 963 1063 1025 est

99 1041 246 1126 dubium,
283 1042 362 1126 quin
393 1063 432 1106 ea
463 1043 571 1127 potius
604 1041 819 1125 cogitationes
854 1065 936 1110 suas
971 1049 1062 1133 expli·

99 1130 202 1196 caturi
226 1131 350 1196 fuerint
376 1151 474 1213 quem
500 1152 551 1215 ea,
578 1151 660 1213 quae
687 1130 786 1214 vulgo
815 1151 954 1217 quoqne
985 1157 1061 1202 ccm-

98 1219 205 1283 munis
233 1222 326 1282 esset.
360 1217 448 1282 Nam
474 1221 513 1284 ut
540 1221 654 1303 poetae
681 1218 799 1302 vulgus
827 1218 895 1285 sibi
922 1222 1062 1290 invisum

98 1326 167 1368 esse
190 1305 396 1388 profitentur,
422 1306 470 1369 ita
495 1306 559 1389 ipsi
587 1326 714 1390 quoque
741 1305 784 1370 ad
806 1311 972 1391 mysteria
997 1314 1062 1398 phi·

97 1391 264 1478 losophiee
285 1392 415 1456 turbam
433 1393 666 1458 admittendam
688 1415 757 1460 non
774 1395 959 1484 putabant,
981 1401 1061 1466 ideo

98 1503 160 1566 que
185 1481 401 1548 obscurabant
422 1502 462 1547 ea
484 1483 523 1547 de
545 1481 720 1566 industria,-
740 1481 796 1546 alii
818 1487 985 1573 numeris,
1013 1489 1062 1554 alii

26 1580 28 1585 '
99 1570 275 1654 allegoriis,
307 1571 362 1635 alii
393 1571 565 1636 tenebroso
598 1570 739 1654 quodam
771 1570 904 1638 dicendi
937 1597 1061 1661 genere,

98 1659 137 1720 ut
158 1659 378 1743 ostenderent,
401 1681 435 1724 se
454 1659 630 1743 sapientiae
652 1662 782 1723 tantum
805 1660 966 1729 studiosis
991 1666 1061 1730 scri·

97 1746 182 1811 bere.
210 1745 299 1822 Quae
313 1769 427 1812 caussa
439 1747 503 1812 fuit
515 1746 696 1830 Aristoteli,
714 1768 771 1811 cur
783 1746 888 1814 libros
903 1754 1061 1835 quosdam

99 1856 176 1901 suos
198 1838 231 1899 et
254 1835 357 1901 editos
380 1857 449 1900 esse
473 1839 506 1900 et
527 1857 596 1901 non
618 1834 722 1899 editos
744 1835 874 1902 diceret.

164 1921 269 1988 Aiunt
285 1923 440 1988 Graecam
457 1923 671 2008 Latinumque
688 1922 836 2007 linguam
853 1923 1059 2012 iampridem

98 2015 243 2078 mortuas
280 2034 359 2077 esse.
403 2011 476 2097 Ego
508 2033 585 2078 rere
617 2032 671 2076 ess
707 2032 796 2075 nnnc
827 2011 965 2082 demum
994 2039 1059 2083 non

98 2104 227 2165 tantum
253 2100 359 2166 vivere
387 2103 420 2165 et
446 2101 554 2186 vigere
582 2097 756 2183 contendo,
783 2099 854 2183 sed,
882 2103 913 2167 si
939 2104 976 2170 in
998 2109 1058 2170 tra·

98 2189 219 2254 latione
242 2189 453 2273 perstandum
475 2192 537 2273 est,
559 2187 653 2252 firma
674 2187 859 2252 valetudine
881 2193 951 2277 uti,
975 2198 1057 2278 post·

98 2297 195 2358 quarn
227 2298 296 2340 esse
327 2277 362 2340 in
397 2279 558 2361 potestate
586 2276 698 2360 plebis
734 2275 908 2342 desierunt.
958 2281 1058 2361 Quam

99 2361 153 2426 diu
171 2363 257 2426 enirn
274 2364 423 2447 populari
440 2365 576 2447 imperio
594 2365 803 2448 regebantur,
820 2364 855 2428 id
874 2369 940 2451 est,
965 2392 1058 2454 quam

99 2450 153 2514 din
180 2471 280 2533 penes
306 2451 462 2535 populum
490 2454 572 2534 erat,
598 2455 636 2514 ut
663 2452 710 2516 ait
735 2451 950 2541 Horatius*),
979 2459 1057 2523 arbi·

97 2539 196 2602 trium
219 2538 324 2602 etius
347 2541 380 2601 et
401 2559 517 2602 norma
538 2539 704 2624 loquendi,
732 2539 859 2605 assidue
888 2545 1057 2628 agitabun-

98 2629 164 2711 tur,
190 2625 404 2710 fluctuabant,
430 2625 514 2690 nihil
534 2625 701 2692 habebant
723 2632 859 2712 certum,
886 2631 975 2697 nihil
998 2639 1058 2700 ste·

98 2715 176 2800 bile,
211 2738 313 2781 unum
354 2715 517 2781 saeculum
557 2716 669 2782 eodem
710 2719 802 2782 vultu
839 2717 960 2785 durare
994 2744 1059 2788 non

98 2808 264 2890 poterant:
286 2829 387 2892 nunc,
410 2829 449 2872 ex
468 2829 530 2892 quo
550 2806 591 2871 ad
611 2805 795 2889 optimates,
817 2806 856 2869 ut
872 2805 923 2872 ita
945 2810 1060 2895 dicam,

98 2896 247 2961 redactae
280 2900 369 2980 sunt,
404 2899 438 2961 et
469 2896 564 2960 certis
595 2917 615 2959 a
651 2891 861 2977 scriptoribus
891 2900 1060 2982 petuntur,

100 2985 195 3047 certis
217 2985 339 3066 regulis
363 3004 400 3047 ac
422 2983 703 3066 praeceptionibus
726 2981 951 3070 continentur,
978 2989 1060 3053 mul·

98 3067 142 3129 tis
173 3071 240 3132 iem
272 3070 407 3133 saeculis
438 3070 520 3131 fixae
552 3072 649 3150 atque
681 3069 898 3137 immutabiles
933 3095 1060 3158 perma-

98 3156 187 3214 nent.
224 3151 259 3216 Si
283 3154 320 3217 in
346 3155 436 3238 vulgi
462 3156 623 3236 potestate
650 3158 859 3243 mansissent,
885 3159 986 3228 hodie
1011 3163 1060 3230 ci·

99 3258 248 3301 aaronem
288 3259 356 3303 non
395 3239 661 3328 intelligeremus,
704 3246 978 3329 quemadmodum
1019 3274 1060 3317 ne

100 3323 262 3392 Ciceronis
299 3325 428 3407 quidem
467 3329 667 3413 temporibus
706 3333 977 3418 intelligebantur
1013 3362 1060 3424 ea,

152 3517 340 3589 aneu
