2332 3824
102 161 164 225 162
464 160 599 217 ORATIO
618 161 693 216 XVI.

98 307 181 372 serio
219 308 351 389 questus
390 306 452 389 est,
486 326 620 389 pravam
657 307 938 373 consuetudinem
971 311 1071 376 inole

99 391 239 481 scere*):
266 393 414 459 homines
442 392 584 476 quotidie
608 394 826 478 summissius,
855 419 963 480 quam
992 400 1071 464 sole-

99 483 193 566 bant,
214 483 313 566 loqui.
338 481 430 546 Idem
447 481 502 545 hic
520 501 646 565 quoqne
664 481 781 546 evenit.
809 482 877 558 Qui
894 485 967 569 ipsi
985 490 1070 552 tene·

100 571 173 636 bras
206 570 242 634 in
274 570 374 634 oculis
413 568 654 652 circumferunt,
691 569 932 636 obscuritatem
968 575 1068 640 Taciti

99 659 260 723 accusant.

163 744 210 808 At
232 765 326 828 asper
347 747 411 827 est,
433 744 540 828 inquit
562 744 657 829 alius,
681 747 715 808 et
733 743 903 832 Alciatus,
928 752 1066 815 amioum

99 832 160 896 sibi
182 831 347 896 hominem
369 831 497 898 lovium
518 832 667 916 laudans,
694 853 764 898 non
788 836 839 898 est
862 837 996 902 veritus
1018 861 1066 904 vo

99 941 171 984 care
211 920 365 986 historias
402 920 506 985 Taciti
547 921 711 984 senticeta.
760 919 926 988 Eiusdem
974 927 1066 1011 plane

98 1008 208 1073 iudicii
234 1009 298 1079 fuit
323 1008 455 1073 laudaro
477 1007 603 1073 lovium
631 1010 664 1071 et
686 1006 838 1074 Taciturn
868 1013 1064 1098 vituperare.

98 1096 190 1162 Nihil
220 1101 290 1162 tam
321 1097 473 1162 dissimile
505 1118 601 1180 quam
627 1096 713 1159 inter
741 1118 774 1160 se
802 1097 839 1161 hi
869 1099 948 1166 duo.
994 1101 1065 1168 Non

100 1185 266 1268 displicere
302 1206 369 1250 non
399 1187 529 1269 poterat
559 1183 704 1267 Tacitus,
740 1185 793 1248 cui
829 1188 932 1253 tanto
973 1212 1064 1274 opere

98 1272 207 1336 Iovius
238 1272 438 1355 probaretur.
480 1271 647 1348 Quomodo
679 1274 788 1336 autem
820 1277 939 1356 potuit
970 1278 1064 1344 homo

98 1360 167 1423 tam
193 1359 313 1423 teneris
340 1358 475 1442 pedibus
501 1362 570 1424 tam
598 1360 701 1424 multa
732 1361 840 1444 spatia
868 1385 934 1447 per
962 1365 1063 1431 Taciti
1111 1372 1113 1437 l

99 1450 231 1532 vepreta
262 1446 440 1513 conficere?
480 1445 550 1513 Nos
581 1470 657 1512 vero
688 1446 765 1512 huic
795 1450 893 1515 molli
923 1475 964 1518 ac
993 1454 1064 1518 deli-
1111 1448 1113 1485 ¹

101 1538 173 1601 cato
206 1536 357 1601 culcitam
388 1536 630 1600 substernamus
662 1537 695 1598 et
720 1536 875 1619 pulvinos
906 1563 1005 1608 rosae
1031 1563 1064 1605 ac

100 1623 204 1687 violae
226 1624 354 1708 plenos,
381 1625 472 1708 eique
496 1646 516 1688 a
537 1623 607 1688 Deo
630 1644 811 1708 precemur,
839 1630 879 1691 ut
909 1629 1063 1715 quidquid

101 1712 273 1776 calcaverit
298 1711 365 1796 hic',
392 1734 467 1777 rosa
495 1711 561 1776 fiat.
602 1710 720 1776 Videre
746 1712 830 1777 mihi
857 1715 978 1783 videor
1004 1739 1063 1782 me

100 1800 249 1865 ratricem
275 1799 503 1865 Terentianum
529 1801 565 1862 in
592 1821 692 1864 coena
718 1799 933 1883 pitissantem
962 1808 997 1871 et
1022 1806 1063 1870 di·

101 1892 240 1954 centem:
521 1973 528 1988 ρ

510 1988 645 2041 asperum,

245 2045 344 2112 Pater,
362 2044 411 2100 bric
428 2049 480 2100 cst.-
498 2045 577 2098 uliud
595 2044 683 2098 leuius
699 2043 775 2097 rodda
792 2044 916 2117 ΜΝ).

101 2151 200 2217 Ferat
234 2154 298 2218 huc
335 2154 423 2218 ocius
460 2152 575 2236 aliquis
607 2152 737 2215 calicem
768 2152 881 2237 mulsi,
919 2160 960 2221 ut
991 2157 1061 2222 flere

101 2263 207 2322 pupus
238 2241 291 2304 hic
325 2241 451 2305 desinat
482 2244 515 2304 et
542 2242 741 2304 contractam
769 2261 807 2303 ex
836 2239 948 2308 Taciti
976 2266 1060 2330 aspe-

100 2326 196 2389 ritate
224 2329 406 2392 molestiam
431 2328 525 2392 levet.
562 2326 740 2392 Offeramus
768 2327 797 2391 ei
821 2329 950 2414 aliquid
973 2333 1061 2416 Iovii,

102 2413 157 2497 qui
186 2435 219 2477 se
247 2415 394 2479 oblectet.
436 2415 469 2478 Is
497 2416 582 2478 enim
609 2417 716 2481 mollis
741 2417 831 2480 totus
860 2423 928 2505 est,
959 2442 1060 2504 neque

103 2501 276 2585 quidquam
302 2502 403 2565 habet
434 2501 616 2585 asperitatis
647 2503 747 2589 illius,
779 2525 861 2588 quae
895 2508 999 2574 istum
1028 2509 1060 2572 in

103 2589 215 2653 Tacito
244 2588 386 2659 offendit.
426 2586 504 2653 Non
534 2588 607 2652 fluit
638 2592 747 2676 modo,
779 2592 835 2657 sed
868 2599 903 2658 et
937 2598 1061 2663 diffluit.

103 2676 155 2743 Sic
187 2679 281 2742 erant
312 2677 402 2761 olim,
438 2677 494 2761 qui
528 2676 659 2763 Virgilii
694 2702 805 2744 versus
841 2685 880 2745 ut
913 2684 1062 2752 horridos

102 2768 345 2852 rusticanosque
382 2767 550 2853 culparent
589 2768 756 2853 magisque
790 2769 977 2854 probarent
1011 2775 1063 2840 illa

102 2859 250 2925 molliora
273 2862 306 2922 et
327 2859 432 2922 lenius
456 2857 613 2941 cadentia,

419 2960 616 3028 Berecputbics
634 2957 722 3024 Attis,

244 3030 284 3084 Et
302 3034 413 3096 ruptum
430 3030 529 3083 vitulo:

103 3136 207 3198 nostis
236 3132 592 3219 cetera***),'recitare
621 3136 707 3199 enim
737 3135 839 3221 piget,
871 3141 907 3202 et
938 3146 982 3208 ut
1013 3144 1067 3210 isti

103 3219 144 3281 ad
167 3221 374 3302 asperitatem
400 3224 533 3304 pavent,
556 3222 601 3286 sic
624 3244 684 3308 ego
707 3225 748 3288 ad
770 3224 912 3307 ineptias
932 3252 1067 3299 nauseo.

158 3412 184 3481 *)
204 3408 323 3482 Scripsit
339 3410 459 3466 fortasse
477 3412 645 3470 invalescere.
681 3414 825 3470 Matthiae.
899 3421 945 3491 ΙΜ)
963 3422 1066 3481 Hem,

103 3487 164 3538 468.
241 3480 299 3550 i‘'W)
317 3480 391 3536 Pers.
413 3481 470 3537 Sat.
489 3484 510 3538 Ι.
530 3491 571 3540 93.
592 3503 644 3555 sqq
