2400 3870
166 197 208 260 92
271 279 276 285 .
540 196 676 253 ORATIO
695 197 742 252 IX.

165 362 240 404 nem
258 341 408 407 omnibus
427 363 523 425 quam
541 341 743 406 notissimam
762 362 831 405 esse
854 341 962 425 cupio,
984 362 1025 404 ne
1049 342 1121 425 quis

166 429 304 512 cuipiam
335 432 446 513 pateat
477 429 517 493 ad
548 429 808 493 calumniandum
838 429 937 493 locus.
977 428 1122 508 Primum

166 517 278 601 igitur,
306 517 334 581 si
361 517 465 581 dicam
491 517 525 580 id
551 516 657 581 facere
680 538 744 601 me,
773 519 811 580 ut
838 516 946 619 aliqua
972 538 1048 600 pars
1075 519 1122 581 11-

166 605 253 669 boris
280 605 444 669 minuatur
466 604 560 688 mihi,
586 625 681 669 nemo
704 626 769 688 me,
790 607 828 668 ut
851 605 978 689 opinor,
1006 606 1122 670 merito

166 693 394 776 reprehendat,
417 693 502 776 quod
525 654 617 756 vbbis
640 714 660 756 a
682 714 733 755 me
756 695 871 775 sponte
899 692 1066 777 tribuitur,
1094 695 1123 757 si

167 780 202 844 in
225 801 262 844 11
286 780 384 844 etiam
407 780 565 845 commodi
586 779 650 844 mei
672 780 830 844 rationem
853 779 1036 844 habendam
1052 802 1123 845 esse

167 868 308 951 aliquam
330 871 456 952 putem,
482 868 671 952 praesertim
694 889 767 932 cum
793 867 885 933 vobis
913 889 1012 934 exeo
1039 869 1123 934 nihil

168 957 290 1020 oriatur
314 956 518 1021 incommodi.
560 954 621 1020 Sed
649 958 725 1020 sunt
710 955 815 1019 talia
847 956 1008 1041 graviora,
1040 978 1123 1040 quae

167 1065 218 1108 me
236 1043 341 1129 magis
360 1047 591 1110 commoveant.
622 1042 695 1107 Huc
714 1043 839 1127 quoties
861 1044 1021 1128 venimus,
1043 1066 1121 1128 pen-

167 1131 308 1196 dendum
329 1132 423 1197 nobis
447 1135 496 1196 est
518 1153 557 1195 ex
575 1131 698 1215 aliquot
716 1131 1003 1197 abiectissimorum
1021 1132 1122 1196 nebu·

168 1221 280 1284 111111
306 1220 453 1303 libidine,
481 1219 536 1302 qui
563 1219 624 1282 sibi
649 1241 709 1302 pro
738 1220 973 1284 oblectamento
999 1221 1123 1284 habent

169 1307 397 1390 obstrependo,
443 1306 659 1390 obturbando,
704 1306 902 1372 exsibilando
943 1307 1123 1372 laudabiles

169 1394 303 1458 aliorum
329 1397 486 1478 conatus,
500 1395 624 1478 quoties
648 1395 805 1479 collibuit,
826 1394 989 1478 impedire.
1024 1394 1140 1460 Domi

169 1482 209 1546 ab
237 1482 294 1546 illa
319 1482 388 1546 fece
417 1503 454 1546 ac
481 1483 616 1547 colluvie
644 1482 726 1546 nihil
756 1482 891 1567 periculi
918 1486 980 1567 est,
1010 1483 1067 1547 ubi
1095 1484 1123 1548 si

169 1569 245 1653 quid
267 1571 333 1634 tale
354 1573 480 1634 tentare
503 1570 670 1653 auderent,
693 1571 949 1654 extruderentur,
972 1574 1005 1634 et
1027 1571 1054 1635 si
1073 1593 1122 1636 re·

169 1657 237 1720 dire
250 1658 405 1741 postridie
418 1659 547 1743 vellent,
560 1658 811 1723 excluderentur.
837 1658 900 1723 Hic
912 1659 966 1723 vix
979 1679 1123 1742 unquam

169 1744 249 1808 mihi
270 1746 385 1810 horam
407 1747 568 1831 integram
589 1747 703 1811 docere
724 1747 933 1830 permittitur:
961 1747 1049 1812 domi
1071 1769 1123 1811 me

170 1854 266 1916 saepe
292 1835 390 1899 horas
413 1835 493 1898 1111
516 1855 640 1899 summo
664 1834 805 1918 silentio,
832 1855 956 1898 summa
979 1835 1123 1899 omnium

169 1921 336 1987 voluntate
364 1923 509 1987 auditum
541 1943 609 1986 1111
641 1922 840 1986 meministis.
880 1921 951 1986 Illic
987 1923 1015 1986 si
1051 1924 1123 2006 quis

170 2009 247 2092 quid
274 2010 380 2075 minus
405 2010 577 2093 intellexit,
607 2009 683 2073 licet
714 2030 843 2094 rogare,
872 2009 948 2074 licet
975 2012 1123 2095 colloqui,

170 2097 245 2160 licet
267 2098 391 2181 placide
414 2119 451 2163 ao
474 2098 621 2182 comiter,
647 2097 773 2181 siquid
796 2098 852 2182 sit,
883 2097 922 2162 de
945 2119 1008 2181 quo
1033 2098 1146 2169 dubi·¹

169 2188 270 2269 tetur,
293 2186 465 2269 exquirere.

236 2271 308 2336 Hae
322 2294 373 2337 me
387 2295 518 2338 caussae
541 2272 716 2358 adducunt,
738 2277 788 2357 ut,
811 2274 936 2357 quoties
956 2275 1122 2358 apublico

170 2380 303 2423 munere
322 2361 456 2425 cessatio
476 2364 537 2444 est,
559 2361 712 2425 libentius
730 2361 862 2425 doceam
884 2361 978 2426 domi.
1008 2360 1122 2444 Neque

172 2446 296 2531 dubito,
323 2448 402 2530 quin
427 2449 489 2514 hoc
517 2449 686 2513 consilium
707 2469 815 2512 meum
837 2470 948 2514 omnes
975 2449 1068 2531 aequi
1090 2454 1124 2514 et

170 2535 287 2598 harum
317 2556 424 2599 rerum
455 2537 672 2620 intelligentes
708 2536 940 2601 existimatores
974 2535 1123 2620 probent.

171 2621 220 2687 De
249 2644 408 2706 quocum
440 2627 473 2687 et
499 2624 619 2707 aliquid
651 2624 821 2688 dicendum
851 2624 949 2688 fuerit
980 2627 1013 2688 et
1044 2626 1123 2690 satis

171 2711 274 2775 multa
299 2711 365 2774 iam
393 2711 508 2775 dixisse
534 2712 656 2796 ridear,
686 2711 832 2776 transibo
864 2712 905 2775 ad
934 2712 1010 2795 alia,
1041 2733 1124 2796 quae

171 2799 300 2883 proprie
331 2800 496 2884 pertinent
523 2800 564 2864 ad
592 2822 646 2866 eos
678 2801 792 2884 libros,
824 2821 904 2883 quos
936 2799 1029 2870 robis
1060 2801 1124 2865 hoc

172 2909 258 2953 anno
288 2887 357 2953 Deo
390 2889 492 2953 fretus
524 2889 696 2972 explanare
727 2888 861 2952 decrevi.
902 2885 964 2962 Qui
995 2888 1124 2971 quidem

171 2977 281 3041 multis
307 2977 492 3041 nominibus
519 2996 638 3059 magno
666 2976 752 3059 apud
778 2997 838 3040 nos
865 2976 901 3040 in
927 2977 1031 3060 pretio
1055 2997 1124 3040 esse

172 3064 298 3128 debent.
328 3063 473 3128 Primum
495 3063 580 3146 quod
599 3061 761 3127 Ciceronis
780 3067 869 3148 sunt,
890 3065 953 3128 hoc
972 3068 1033 3148 111,
1056 3064 1125 3128 eius

171 3152 244 3234 viri,
267 3151 323 3233 qui
344 3154 499 3234 perpetuo
523 3150 667 3214 omnium
689 3153 832 3215 aetatum
855 3172 1013 3217 consensu
1040 3152 1125 3216 inter

170 3237 335 3301 Romanos
355 3238 525 3321 scriptores
544 3238 745 3322 eloquentiae
763 3239 858 3303 laude
876 3239 903 3303 it
888 3242 924 3303 ta
937 3242 1126 3304 numeratur

169 3325 306 3409 primus,
325 3329 362 3389 ut
380 3326 421 3389 ab
440 3347 478 3390 eo
496 3347 591 3391 nemo
605 3329 792 3391 numeretur
805 3327 973 3391 secundus
1000 3327 1126 3392 Deinde

171 3414 268 3515 quod,
283 3413 394 3497 scripti
421 3436 441 3478 a
464 3412 652 3480 Cicerone
643 3436 707 3479 ram
735 3435 823 3499 sene,
851 3436 924 3479 cum
951 3415 1126 3500 singularis

149 3499 211 3562 ille
232 3501 284 3565 111
300 3506 468 3589 natusque
485 3503 522 3568 in
539 3500 740 3590 posteritatis
763 3465 944 3588 exe'mplum
967 3507 1000 3567 11
1022 3504 1126 3568 multo
