<?xml version="1.0" encoding="UTF-8"?>
<!DOCTYPE html PUBLIC "-//W3C//DTD XHTML 1.0 Transitional//EN"
    "http://www.w3.org/TR/xhtml1/DTD/xhtml1-transitional.dtd">
<html xmlns="http://www.w3.org/1999/xhtml" xml:lang="en" lang="en">
 <head>
  <title>
</title>
<meta http-equiv="Content-Type" content="text/html;charset=utf-8" />
  <meta name='ocr-system' content='tesseract 3.04.00' />
  <meta name='ocr-capabilities' content='ocr_page ocr_carea ocr_par ocr_line ocrx_word'/>
</head>
<body>
  <div class='ocr_page' id='page_1' title='image "./scriptaselecta00muregoog_0047.png"; bbox 0 0 2332 3824; ppageno 0'>
   <div class='ocr_carea' id='block_1_1' title="bbox 178 81 756 149">
    <p class='ocr_par' dir='ltr' id='par_1_1' title="bbox 178 81 756 149">
     <span class='ocr_line' id='line_1_1' title="bbox 178 81 756 149; baseline -0.022 0"><span class='ocrx_word' id='word_1_1' title='bbox 178 113 218 149; x_wconf 73' lang='lat' dir='ltr'><strong>ua</strong></span> <span class='ocrx_word' id='word_1_2' title='bbox 555 81 691 138; x_wconf 81' lang='lat' dir='ltr'><strong>ORATIO</strong></span> <span class='ocrx_word' id='word_1_3' title='bbox 709 82 756 137; x_wconf 89' lang='lat' dir='ltr'><strong>Ill.</strong></span> 
     </span>
    </p>
   </div>
   <div class='ocr_carea' id='block_1_2' title="bbox 177 224 1085 402">
    <p class='ocr_par' dir='ltr' id='par_1_2' title="bbox 177 224 1085 402">
     <span class='ocr_line' id='line_1_2' title="bbox 177 224 1072 314; baseline 0 -19"><span class='ocrx_word' id='word_1_4' title='bbox 177 227 330 314; x_wconf 76' lang='lat' dir='ltr'><strong>diligunt,</strong></span> <span class='ocrx_word' id='word_1_5' title='bbox 352 231 387 294; x_wconf 89' lang='lat' dir='ltr'><strong>et</strong></span> <span class='ocrx_word' id='word_1_6' title='bbox 407 247 477 292; x_wconf 88' lang='lat' dir='ltr'><strong>non</strong></span> <span class='ocrx_word' id='word_1_7' title='bbox 493 226 587 290; x_wconf 86' lang='lat' dir='ltr'><strong>aliter</strong></span> <span class='ocrx_word' id='word_1_8' title='bbox 605 246 639 291; x_wconf 85' lang='lat' dir='ltr'><strong>ae</strong></span> <span class='ocrx_word' id='word_1_9' title='bbox 661 224 874 310; x_wconf 88' lang='lat' dir='ltr'><strong>philosophos</strong></span> <span class='ocrx_word' id='word_1_10' title='bbox 892 227 1008 293; x_wconf 80' lang='lat' dir='ltr'><strong>risum</strong></span> <span class='ocrx_word' id='word_1_11' title='bbox 1028 231 1072 295; x_wconf 88' lang='lat' dir='ltr'><strong>iri</strong></span> 
     </span>
     <span class='ocr_line' id='line_1_3' title="bbox 177 313 1085 402; baseline -0.011 -19"><span class='ocrx_word' id='word_1_12' title='bbox 177 319 263 401; x_wconf 86' lang='lat' dir='ltr'><strong>tant,</strong></span> <span class='ocrx_word' id='word_1_13' title='bbox 282 337 379 401; x_wconf 87' lang='lat' dir='ltr'><strong>quam</strong></span> <span class='ocrx_word' id='word_1_14' title='bbox 397 315 425 381; x_wconf 93' lang='lat' dir='ltr'><strong>si</strong></span> <span class='ocrx_word' id='word_1_15' title='bbox 441 314 581 380; x_wconf 76' lang='lat' dir='ltr'><strong>dictione</strong></span> <span class='ocrx_word' id='word_1_16' title='bbox 596 313 856 397; x_wconf 72' lang='lat' dir='ltr'><strong>inquinatissima</strong></span> <span class='ocrx_word' id='word_1_17' title='bbox 869 316 1029 402; x_wconf 77' lang='lat' dir='ltr'><strong>utantur,</strong></span> <span class='ocrx_word' id='word_1_18' title='bbox 1050 322 1085 383; x_wconf 73' lang='lat' dir='ltr'><strong>es</strong></span> 
     </span>
    </p>
   </div>
   <div class='ocr_carea' id='block_1_3' title="bbox 127 401 1148 3485">
    <p class='ocr_par' dir='ltr' id='par_1_3' title="bbox 179 401 1093 487">
     <span class='ocr_line' id='line_1_4' title="bbox 179 401 1093 487; baseline 0 -16"><span class='ocrx_word' id='word_1_19' title='bbox 179 426 252 470; x_wconf 83' lang='lat' dir='ltr'><strong>sues</strong></span> <span class='ocrx_word' id='word_1_20' title='bbox 269 406 305 470; x_wconf 92' lang='lat' dir='ltr'><strong>in</strong></span> <span class='ocrx_word' id='word_1_21' title='bbox 322 406 392 470; x_wconf 87' lang='lat' dir='ltr'><strong>luto</strong></span> <span class='ocrx_word' id='word_1_22' title='bbox 411 424 449 467; x_wconf 90' lang='lat' dir='ltr'><strong>ac</strong></span> <span class='ocrx_word' id='word_1_23' title='bbox 467 423 581 487; x_wconf 85' lang='lat' dir='ltr'><strong>coeno,</strong></span> <span class='ocrx_word' id='word_1_24' title='bbox 603 403 650 466; x_wconf 86' lang='lat' dir='ltr'><strong>sic</strong></span> <span class='ocrx_word' id='word_1_25' title='bbox 671 401 734 486; x_wconf 93' lang='lat' dir='ltr'><strong>ipsi</strong></span> <span class='ocrx_word' id='word_1_26' title='bbox 756 401 793 465; x_wconf 94' lang='lat' dir='ltr'><strong>in</strong></span> <span class='ocrx_word' id='word_1_27' title='bbox 810 402 974 468; x_wconf 85' lang='lat' dir='ltr'><strong>orationis</strong></span> <span class='ocrx_word' id='word_1_28' title='bbox 995 407 1093 477; x_wconf 83' lang='lat' dir='ltr'><strong>sordi.</strong></span> 
     </span>
    </p>

    <p class='ocr_par' dir='ltr' id='par_1_4' title="bbox 178 488 1100 575">
     <span class='ocr_line' id='line_1_5' title="bbox 178 488 1100 575; baseline -0.002 -16"><span class='ocrx_word' id='word_1_29' title='bbox 178 494 373 560; x_wconf 70' lang='lat' dir='ltr'><strong>volutentur.</strong></span> <span class='ocrx_word' id='word_1_30' title='bbox 399 490 553 575; x_wconf 78' lang='lat' dir='ltr'><strong>Antiquis</strong></span> <span class='ocrx_word' id='word_1_31' title='bbox 571 489 770 574; x_wconf 86' lang='lat' dir='ltr'><strong>temporibus</strong></span> <span class='ocrx_word' id='word_1_32' title='bbox 785 488 949 573; x_wconf 79' lang='lat' dir='ltr'><strong>quoddam</strong></span> <span class='ocrx_word' id='word_1_33' title='bbox 966 494 1100 560; x_wconf 69' lang='lat' dir='ltr'><strong>samson</strong></span> 
     </span>
    </p>

    <p class='ocr_par' dir='ltr' id='par_1_5' title="bbox 180 577 1106 666">
     <span class='ocr_line' id='line_1_6' title="bbox 180 577 1106 666; baseline 0.003 -21"><span class='ocrx_word' id='word_1_34' title='bbox 180 602 283 666; x_wconf 78' lang='lat' dir='ltr'><strong>genus</strong></span> <span class='ocrx_word' id='word_1_35' title='bbox 304 579 404 644; x_wconf 76' lang='lat' dir='ltr'><strong>frusse</strong></span> <span class='ocrx_word' id='word_1_36' title='bbox 426 578 591 664; x_wconf 83' lang='lat' dir='ltr'><strong>proditum</strong></span> <span class='ocrx_word' id='word_1_37' title='bbox 613 581 676 662; x_wconf 88' lang='lat' dir='ltr'><strong>est,</strong></span> <span class='ocrx_word' id='word_1_38' title='bbox 703 578 758 665; x_wconf 87' lang='lat' dir='ltr'><strong>qui</strong></span> <span class='ocrx_word' id='word_1_39' title='bbox 784 577 904 661; x_wconf 88' lang='lat' dir='ltr'><strong>pedore</strong></span> <span class='ocrx_word' id='word_1_40' title='bbox 927 599 969 643; x_wconf 89' lang='lat' dir='ltr'><strong>ac</strong></span> <span class='ocrx_word' id='word_1_41' title='bbox 993 584 1106 666; x_wconf 83' lang='lat' dir='ltr'><strong>squalo</strong></span> 
     </span>
    </p>

    <p class='ocr_par' dir='ltr' id='par_1_6' title="bbox 179 665 1113 751">
     <span class='ocr_line' id='line_1_7' title="bbox 179 665 1113 751; baseline 0.003 -18"><span class='ocrx_word' id='word_1_42' title='bbox 179 667 315 751; x_wconf 83' lang='lat' dir='ltr'><strong>horridi,</strong></span> <span class='ocrx_word' id='word_1_43' title='bbox 335 668 453 751; x_wconf 89' lang='lat' dir='ltr'><strong>pannis</strong></span> <span class='ocrx_word' id='word_1_44' title='bbox 471 666 582 750; x_wconf 83' lang='lat' dir='ltr'><strong>obsiti,</strong></span> <span class='ocrx_word' id='word_1_45' title='bbox 600 686 726 749; x_wconf 88' lang='lat' dir='ltr'><strong>semper</strong></span> <span class='ocrx_word' id='word_1_46' title='bbox 743 665 839 749; x_wconf 89' lang='lat' dir='ltr'><strong>illoti,</strong></span> <span class='ocrx_word' id='word_1_47' title='bbox 860 686 993 750; x_wconf 89' lang='lat' dir='ltr'><strong>semper</strong></span> <span class='ocrx_word' id='word_1_48' title='bbox 1011 669 1113 736; x_wconf 73' lang='lat' dir='ltr'><strong>intona</strong></span> 
     </span>
    </p>

    <p class='ocr_par' dir='ltr' id='par_1_7' title="bbox 127 753 1148 3485">
     <span class='ocr_line' id='line_1_8' title="bbox 180 753 1120 856; baseline 0.005 -36"><span class='ocrx_word' id='word_1_49' title='bbox 180 776 306 839; x_wconf 87' lang='lat' dir='ltr'><strong>semper</strong></span> <span class='ocrx_word' id='word_1_50' title='bbox 327 755 459 839; x_wconf 79' lang='lat' dir='ltr'><strong>impexi,</strong></span> <span class='ocrx_word' id='word_1_51' title='bbox 481 755 537 820; x_wconf 90' lang='lat' dir='ltr'><strong>illo</strong></span> <span class='ocrx_word' id='word_1_52' title='bbox 555 755 627 839; x_wconf 90' lang='lat' dir='ltr'><strong>ipso</strong></span> <span class='ocrx_word' id='word_1_53' title='bbox 649 753 774 856; x_wconf 80' lang='lat' dir='ltr'><strong>incultu</strong></span> <span class='ocrx_word' id='word_1_54' title='bbox 795 774 832 817; x_wconf 91' lang='lat' dir='ltr'><strong>ac</strong></span> <span class='ocrx_word' id='word_1_55' title='bbox 854 755 1011 838; x_wconf 82' lang='lat' dir='ltr'><strong>neglectu</strong></span> <span class='ocrx_word' id='word_1_56' title='bbox 1031 779 1120 844; x_wconf 72' lang='lat' dir='ltr'><strong>corp&lt;</strong></span> 
     </span>
     <span class='ocr_line' id='line_1_9' title="bbox 180 842 1132 1016; baseline 0.004 -20"><span class='ocrx_word' id='word_1_57' title='bbox 180 842 1132 1016; x_wconf 59' lang='lat' dir='ltr'><strong>a„Purattuszttsrtsaafftssst</strong></span> 
     </span>
     <span class='ocr_line' id='line_1_10' title="bbox 180 1018 1138 1106; baseline -0.007 -19"><span class='ocrx_word' id='word_1_58' title='bbox 180 1042 256 1087; x_wconf 87' lang='lat' dir='ltr'><strong>nom</strong></span> <span class='ocrx_word' id='word_1_59' title='bbox 268 1022 359 1087; x_wconf 92' lang='lat' dir='ltr'><strong>nullo</strong></span> <span class='ocrx_word' id='word_1_60' title='bbox 373 1021 480 1086; x_wconf 89' lang='lat' dir='ltr'><strong>studio</strong></span> <span class='ocrx_word' id='word_1_61' title='bbox 491 1020 661 1103; x_wconf 67' lang='lat' dir='ltr'><strong>excultam</strong></span> <span class='ocrx_word' id='word_1_62' title='bbox 670 1020 762 1082; x_wconf 88' lang='lat' dir='ltr'><strong>nulla</strong></span> <span class='ocrx_word' id='word_1_63' title='bbox 770 1018 939 1103; x_wconf 83' lang='lat' dir='ltr'><strong>diligentia</strong></span> <span class='ocrx_word' id='word_1_64' title='bbox 952 1023 1138 1106; x_wconf 65' lang='lat' dir='ltr'><strong>expolitam,</strong></span> 
     </span>
     <span class='ocr_line' id='line_1_11' title="bbox 180 1105 1137 1191; baseline 0.001 -16"><span class='ocrx_word' id='word_1_65' title='bbox 180 1111 271 1175; x_wconf 91' lang='lat' dir='ltr'><strong>nullo</strong></span> <span class='ocrx_word' id='word_1_66' title='bbox 290 1109 425 1174; x_wconf 84' lang='lat' dir='ltr'><strong>artificio</strong></span> <span class='ocrx_word' id='word_1_67' title='bbox 444 1108 642 1172; x_wconf 77' lang='lat' dir='ltr'><strong>elaboratam</strong></span> <span class='ocrx_word' id='word_1_68' title='bbox 659 1105 883 1191; x_wconf 88' lang='lat' dir='ltr'><strong>philosophiae</strong></span> <span class='ocrx_word' id='word_1_69' title='bbox 900 1107 1137 1191; x_wconf 79' lang='lat' dir='ltr'><strong>professoribus</strong></span> 
     </span>
     <span class='ocr_line' id='line_1_12' title="bbox 182 1193 1138 1283; baseline 0.004 -22"><span class='ocrx_word' id='word_1_70' title='bbox 182 1197 354 1261; x_wconf 78' lang='lat' dir='ltr'><strong>convenire</strong></span> <span class='ocrx_word' id='word_1_71' title='bbox 370 1196 472 1259; x_wconf 86' lang='lat' dir='ltr'><strong>aiunt</strong></span> <span class='ocrx_word' id='word_1_72' title='bbox 508 1193 617 1278; x_wconf 82' lang='lat' dir='ltr'><strong>Atque</strong></span> <span class='ocrx_word' id='word_1_73' title='bbox 636 1194 684 1257; x_wconf 93' lang='lat' dir='ltr'><strong>illi</strong></span> <span class='ocrx_word' id='word_1_74' title='bbox 705 1198 816 1259; x_wconf 85' lang='lat' dir='ltr'><strong>tamen</strong></span> <span class='ocrx_word' id='word_1_75' title='bbox 834 1215 873 1260; x_wconf 91' lang='lat' dir='ltr'><strong>eo</strong></span> <span class='ocrx_word' id='word_1_76' title='bbox 892 1194 1138 1283; x_wconf 78' lang='lat' dir='ltr'><strong>tolerabiliores,</strong></span> 
     </span>
     <span class='ocr_line' id='line_1_13' title="bbox 182 1282 1138 1367; baseline 0.004 -18"><span class='ocrx_word' id='word_1_77' title='bbox 182 1283 269 1367; x_wconf 89' lang='lat' dir='ltr'><strong>quod</strong></span> <span class='ocrx_word' id='word_1_78' title='bbox 287 1283 430 1367; x_wconf 88' lang='lat' dir='ltr'><strong>corporis</strong></span> <span class='ocrx_word' id='word_1_79' title='bbox 444 1282 570 1348; x_wconf 88' lang='lat' dir='ltr'><strong>colendi</strong></span> <span class='ocrx_word' id='word_1_80' title='bbox 588 1303 697 1346; x_wconf 89' lang='lat' dir='ltr'><strong>curam</strong></span> <span class='ocrx_word' id='word_1_81' title='bbox 714 1283 822 1367; x_wconf 90' lang='lat' dir='ltr'><strong>multi,</strong></span> <span class='ocrx_word' id='word_1_82' title='bbox 839 1283 1007 1349; x_wconf 89' lang='lat' dir='ltr'><strong>ornandae</strong></span> <span class='ocrx_word' id='word_1_83' title='bbox 1022 1288 1138 1352; x_wconf 84' lang='lat' dir='ltr'><strong>oratic</strong></span> 
     </span>
     <span class='ocr_line' id='line_1_14' title="bbox 182 1369 1139 1460; baseline 0.003 -24"><span class='ocrx_word' id='word_1_84' title='bbox 182 1372 238 1437; x_wconf 90' lang='lat' dir='ltr'><strong>nis-</strong></span> <span class='ocrx_word' id='word_1_85' title='bbox 247 1372 390 1436; x_wconf 92' lang='lat' dir='ltr'><strong>studium</strong></span> <span class='ocrx_word' id='word_1_86' title='bbox 402 1392 498 1436; x_wconf 90' lang='lat' dir='ltr'><strong>nemo</strong></span> <span class='ocrx_word' id='word_1_87' title='bbox 512 1371 603 1455; x_wconf 90' lang='lat' dir='ltr'><strong>olim,</strong></span> <span class='ocrx_word' id='word_1_88' title='bbox 621 1370 677 1455; x_wconf 90' lang='lat' dir='ltr'><strong>qui</strong></span> <span class='ocrx_word' id='word_1_89' title='bbox 695 1371 803 1455; x_wconf 91' lang='lat' dir='ltr'><strong>aliquo</strong></span> <span class='ocrx_word' id='word_1_90' title='bbox 822 1370 907 1436; x_wconf 93' lang='lat' dir='ltr'><strong>inter</strong></span> <span class='ocrx_word' id='word_1_91' title='bbox 924 1369 1139 1460; x_wconf 85' lang='lat' dir='ltr'><strong>philosophos</strong></span> 
     </span>
     <span class='ocr_line' id='line_1_15' title="bbox 182 1457 1139 1550; baseline 0.004 -26"><span class='ocrx_word' id='word_1_92' title='bbox 182 1462 253 1526; x_wconf 92' lang='lat' dir='ltr'><strong>loco</strong></span> <span class='ocrx_word' id='word_1_93' title='bbox 276 1459 462 1545; x_wconf 86' lang='lat' dir='ltr'><strong>haberetur,</strong></span> <span class='ocrx_word' id='word_1_94' title='bbox 484 1460 635 1545; x_wconf 85' lang='lat' dir='ltr'><strong>neglexit.</strong></span> <span class='ocrx_word' id='word_1_95' title='bbox 669 1457 742 1524; x_wconf 90' lang='lat' dir='ltr'><strong>Nisi</strong></span> <span class='ocrx_word' id='word_1_96' title='bbox 763 1459 848 1527; x_wconf 81' lang='lat' dir='ltr'><strong>forte</strong></span> <span class='ocrx_word' id='word_1_97' title='bbox 871 1459 942 1543; x_wconf 90' lang='lat' dir='ltr'><strong>quis</strong></span> <span class='ocrx_word' id='word_1_98' title='bbox 960 1458 1139 1550; x_wconf 79' lang='lat' dir='ltr'><strong>Epicurum</strong></span> 
     </span>
     <span class='ocr_line' id='line_1_16' title="bbox 183 1547 1140 1633; baseline 0.006 -23"><span class='ocrx_word' id='word_1_99' title='bbox 183 1551 216 1611; x_wconf 89' lang='lat' dir='ltr'><strong>et</strong></span> <span class='ocrx_word' id='word_1_100' title='bbox 239 1568 307 1632; x_wconf 91' lang='lat' dir='ltr'><strong>eos,</strong></span> <span class='ocrx_word' id='word_1_101' title='bbox 334 1549 390 1632; x_wconf 89' lang='lat' dir='ltr'><strong>qui</strong></span> <span class='ocrx_word' id='word_1_102' title='bbox 412 1549 453 1614; x_wconf 85' lang='lat' dir='ltr'><strong>ab</strong></span> <span class='ocrx_word' id='word_1_103' title='bbox 477 1570 515 1614; x_wconf 94' lang='lat' dir='ltr'><strong>eo</strong></span> <span class='ocrx_word' id='word_1_104' title='bbox 543 1550 634 1630; x_wconf 85' lang='lat' dir='ltr'><strong>sunt,</strong></span> <span class='ocrx_word' id='word_1_105' title='bbox 662 1547 806 1613; x_wconf 85' lang='lat' dir='ltr'><strong>obiiciat:</strong></span> <span class='ocrx_word' id='word_1_106' title='bbox 834 1568 915 1631; x_wconf 87' lang='lat' dir='ltr'><strong>quos</strong></span> <span class='ocrx_word' id='word_1_107' title='bbox 938 1568 1001 1633; x_wconf 83' lang='lat' dir='ltr'><strong>ego</strong></span> <span class='ocrx_word' id='word_1_108' title='bbox 1024 1551 1082 1615; x_wconf 84' lang='lat' dir='ltr'><strong>vix</strong></span> <span class='ocrx_word' id='word_1_109' title='bbox 1108 1552 1140 1616; x_wconf 90' lang='lat' dir='ltr'><strong>in</strong></span> 
     </span>
     <span class='ocr_line' id='line_1_17' title="bbox 182 1633 1140 1720; baseline 0.006 -21"><span class='ocrx_word' id='word_1_110' title='bbox 182 1633 365 1719; x_wconf 88' lang='lat' dir='ltr'><strong>hominum,</strong></span> <span class='ocrx_word' id='word_1_111' title='bbox 391 1637 427 1702; x_wconf 89' lang='lat' dir='ltr'><strong>iu</strong></span> <span class='ocrx_word' id='word_1_112' title='bbox 448 1635 716 1720; x_wconf 86' lang='lat' dir='ltr'><strong>philosophorum</strong></span> <span class='ocrx_word' id='word_1_113' title='bbox 739 1635 868 1718; x_wconf 87' lang='lat' dir='ltr'><strong>quidem</strong></span> <span class='ocrx_word' id='word_1_114' title='bbox 890 1656 1027 1702; x_wconf 85' lang='lat' dir='ltr'><strong>numero</strong></span> <span class='ocrx_word' id='word_1_115' title='bbox 1050 1641 1140 1704; x_wconf 90' lang='lat' dir='ltr'><strong>nullo</strong></span> 
     </span>
     <span class='ocr_line' id='line_1_18' title="bbox 183 1721 1140 1812; baseline 0.003 -23"><span class='ocrx_word' id='word_1_116' title='bbox 183 1723 279 1789; x_wconf 93' lang='lat' dir='ltr'><strong>modo</strong></span> <span class='ocrx_word' id='word_1_117' title='bbox 298 1722 466 1791; x_wconf 88' lang='lat' dir='ltr'><strong>habendos</strong></span> <span class='ocrx_word' id='word_1_118' title='bbox 485 1745 554 1788; x_wconf 87' lang='lat' dir='ltr'><strong>esse</strong></span> <span class='ocrx_word' id='word_1_119' title='bbox 573 1744 696 1788; x_wconf 84' lang='lat' dir='ltr'><strong>censeo.</strong></span> <span class='ocrx_word' id='word_1_120' title='bbox 727 1721 789 1787; x_wconf 82' lang='lat' dir='ltr'><strong>Est</strong></span> <span class='ocrx_word' id='word_1_121' title='bbox 807 1726 916 1788; x_wconf 90' lang='lat' dir='ltr'><strong>autem</strong></span> <span class='ocrx_word' id='word_1_122' title='bbox 933 1744 1053 1808; x_wconf 88' lang='lat' dir='ltr'><strong>operae</strong></span> <span class='ocrx_word' id='word_1_123' title='bbox 1070 1748 1140 1812; x_wconf 89' lang='lat' dir='ltr'><strong>pre·</strong></span> 
     </span>
     <span class='ocr_line' id='line_1_19' title="bbox 183 1809 1140 1898; baseline 0.003 -21"><span class='ocrx_word' id='word_1_124' title='bbox 183 1813 266 1879; x_wconf 92' lang='lat' dir='ltr'><strong>tium</strong></span> <span class='ocrx_word' id='word_1_125' title='bbox 278 1813 402 1897; x_wconf 89' lang='lat' dir='ltr'><strong>audire,</strong></span> <span class='ocrx_word' id='word_1_126' title='bbox 420 1811 582 1896; x_wconf 86' lang='lat' dir='ltr'><strong>quomodo</strong></span> <span class='ocrx_word' id='word_1_127' title='bbox 600 1809 685 1876; x_wconf 89' lang='lat' dir='ltr'><strong>hanc</strong></span> <span class='ocrx_word' id='word_1_128' title='bbox 702 1832 795 1876; x_wconf 90' lang='lat' dir='ltr'><strong>suam</strong></span> <span class='ocrx_word' id='word_1_129' title='bbox 811 1815 881 1876; x_wconf 90' lang='lat' dir='ltr'><strong>tam</strong></span> <span class='ocrx_word' id='word_1_130' title='bbox 897 1817 1140 1898; x_wconf 86' lang='lat' dir='ltr'><strong>praeposteram</strong></span> 
     </span>
     <span class='ocr_line' id='line_1_20' title="bbox 183 1900 1140 1987; baseline 0.001 -20"><span class='ocrx_word' id='word_1_131' title='bbox 183 1904 314 1987; x_wconf 85' lang='lat' dir='ltr'><strong>tamque</strong></span> <span class='ocrx_word' id='word_1_132' title='bbox 346 1901 519 1967; x_wconf 88' lang='lat' dir='ltr'><strong>absurdam</strong></span> <span class='ocrx_word' id='word_1_133' title='bbox 553 1900 740 1986; x_wconf 86' lang='lat' dir='ltr'><strong>opinionem</strong></span> <span class='ocrx_word' id='word_1_134' title='bbox 771 1900 970 1965; x_wconf 91' lang='lat' dir='ltr'><strong>confirment.</strong></span> <span class='ocrx_word' id='word_1_135' title='bbox 1024 1900 1140 1968; x_wconf 78' lang='lat' dir='ltr'><strong>Gravis</strong></span> 
     </span>
     <span class='ocr_line' id='line_1_21' title="bbox 183 1987 1141 2072; baseline 0.003 -18"><span class='ocrx_word' id='word_1_136' title='bbox 183 1991 319 2057; x_wconf 87' lang='lat' dir='ltr'><strong>alicuius</strong></span> <span class='ocrx_word' id='word_1_137' title='bbox 342 1993 375 2056; x_wconf 89' lang='lat' dir='ltr'><strong>et</strong></span> <span class='ocrx_word' id='word_1_138' title='bbox 400 2011 530 2056; x_wconf 83' lang='lat' dir='ltr'><strong>severae</strong></span> <span class='ocrx_word' id='word_1_139' title='bbox 551 1992 719 2055; x_wconf 79' lang='lat' dir='ltr'><strong>matronae</strong></span> <span class='ocrx_word' id='word_1_140' title='bbox 741 1987 980 2072; x_wconf 85' lang='lat' dir='ltr'><strong>philosophiam</strong></span> <span class='ocrx_word' id='word_1_141' title='bbox 1003 1989 1141 2056; x_wconf 90' lang='lat' dir='ltr'><strong>similem</strong></span> 
     </span>
     <span class='ocr_line' id='line_1_22' title="bbox 185 2076 1143 2164; baseline 0.004 -23"><span class='ocrx_word' id='word_1_142' title='bbox 185 2098 254 2142; x_wconf 86' lang='lat' dir='ltr'><strong>esse</strong></span> <span class='ocrx_word' id='word_1_143' title='bbox 273 2080 377 2164; x_wconf 90' lang='lat' dir='ltr'><strong>aiunt,</strong></span> <span class='ocrx_word' id='word_1_144' title='bbox 395 2101 492 2164; x_wconf 90' lang='lat' dir='ltr'><strong>quam</strong></span> <span class='ocrx_word' id='word_1_145' title='bbox 511 2078 616 2147; x_wconf 89' lang='lat' dir='ltr'><strong>omnis</strong></span> <span class='ocrx_word' id='word_1_146' title='bbox 633 2078 728 2143; x_wconf 84' lang='lat' dir='ltr'><strong>fucus</strong></span> <span class='ocrx_word' id='word_1_147' title='bbox 745 2076 910 2159; x_wconf 83' lang='lat' dir='ltr'><strong>dedeceat,</strong></span> <span class='ocrx_word' id='word_1_148' title='bbox 926 2097 1011 2160; x_wconf 81' lang='lat' dir='ltr'><strong>quae</strong></span> <span class='ocrx_word' id='word_1_149' title='bbox 1028 2080 1143 2145; x_wconf 82' lang='lat' dir='ltr'><strong>natira</strong></span> 
     </span>
     <span class='ocr_line' id='line_1_23' title="bbox 184 2165 1143 2250; baseline 0.005 -23"><span class='ocrx_word' id='word_1_150' title='bbox 184 2165 400 2248; x_wconf 85' lang='lat' dir='ltr'><strong>pulcritudine</strong></span> <span class='ocrx_word' id='word_1_151' title='bbox 433 2169 600 2250; x_wconf 84' lang='lat' dir='ltr'><strong>contenta,</strong></span> <span class='ocrx_word' id='word_1_152' title='bbox 634 2184 753 2250; x_wconf 83' lang='lat' dir='ltr'><strong>augere</strong></span> <span class='ocrx_word' id='word_1_153' title='bbox 788 2186 861 2229; x_wconf 90' lang='lat' dir='ltr'><strong>eam</strong></span> <span class='ocrx_word' id='word_1_154' title='bbox 895 2166 1074 2250; x_wconf 84' lang='lat' dir='ltr'><strong>pigmentis</strong></span> <span class='ocrx_word' id='word_1_155' title='bbox 1110 2171 1143 2232; x_wconf 91' lang='lat' dir='ltr'><strong>et</strong></span> 
     </span>
     <span class='ocr_line' id='line_1_24' title="bbox 184 2251 1143 2322; baseline 0.006 -6"><span class='ocrx_word' id='word_1_156' title='bbox 184 2252 352 2316; x_wconf 88' lang='lat' dir='ltr'><strong>lenociniis</strong></span> <span class='ocrx_word' id='word_1_157' title='bbox 380 2274 450 2318; x_wconf 88' lang='lat' dir='ltr'><strong>non</strong></span> <span class='ocrx_word' id='word_1_158' title='bbox 477 2255 612 2318; x_wconf 87' lang='lat' dir='ltr'><strong>laboret</strong></span> <span class='ocrx_word' id='word_1_159' title='bbox 666 2251 714 2318; x_wconf 86' lang='lat' dir='ltr'><strong>Ut</strong></span> <span class='ocrx_word' id='word_1_160' title='bbox 740 2252 881 2316; x_wconf 78' lang='lat' dir='ltr'><strong>incultos</strong></span> <span class='ocrx_word' id='word_1_161' title='bbox 909 2256 944 2317; x_wconf 87' lang='lat' dir='ltr'><strong>et</strong></span> <span class='ocrx_word' id='word_1_162' title='bbox 970 2253 1143 2322; x_wconf 83' lang='lat' dir='ltr'><strong>horrentes</strong></span> 
     </span>
     <span class='ocr_line' id='line_1_25' title="bbox 186 2338 1143 2425; baseline 0.007 -22"><span class='ocrx_word' id='word_1_163' title='bbox 186 2339 410 2425; x_wconf 88' lang='lat' dir='ltr'><strong>solitariosque</strong></span> <span class='ocrx_word' id='word_1_164' title='bbox 432 2341 522 2407; x_wconf 85' lang='lat' dir='ltr'><strong>lucos</strong></span> <span class='ocrx_word' id='word_1_165' title='bbox 545 2340 619 2424; x_wconf 89' lang='lat' dir='ltr'><strong>plus</strong></span> <span class='ocrx_word' id='word_1_166' title='bbox 643 2338 763 2404; x_wconf 88' lang='lat' dir='ltr'><strong>habere</strong></span> <span class='ocrx_word' id='word_1_167' title='bbox 785 2340 963 2405; x_wconf 85' lang='lat' dir='ltr'><strong>maiestatis</strong></span> <span class='ocrx_word' id='word_1_168' title='bbox 985 2361 1024 2406; x_wconf 86' lang='lat' dir='ltr'><strong>ac</strong></span> <span class='ocrx_word' id='word_1_169' title='bbox 1046 2364 1143 2410; x_wconf 75' lang='lat' dir='ltr'><strong>vene·</strong></span> 
     </span>
     <span class='ocr_line' id='line_1_26' title="bbox 184 2426 1143 2514; baseline 0.006 -22"><span class='ocrx_word' id='word_1_170' title='bbox 184 2428 334 2513; x_wconf 90' lang='lat' dir='ltr'><strong>rationis,</strong></span> <span class='ocrx_word' id='word_1_171' title='bbox 361 2450 458 2513; x_wconf 90' lang='lat' dir='ltr'><strong>quam</strong></span> <span class='ocrx_word' id='word_1_172' title='bbox 480 2429 600 2493; x_wconf 85' lang='lat' dir='ltr'><strong>nitidas</strong></span> <span class='ocrx_word' id='word_1_173' title='bbox 623 2430 656 2491; x_wconf 88' lang='lat' dir='ltr'><strong>et</strong></span> <span class='ocrx_word' id='word_1_174' title='bbox 677 2426 861 2492; x_wconf 77' lang='lat' dir='ltr'><strong>viriditates</strong></span> <span class='ocrx_word' id='word_1_175' title='bbox 887 2432 922 2493; x_wconf 87' lang='lat' dir='ltr'><strong>et</strong></span> <span class='ocrx_word' id='word_1_176' title='bbox 948 2429 1085 2514; x_wconf 81' lang='lat' dir='ltr'><strong>digestis</strong></span> <span class='ocrx_word' id='word_1_177' title='bbox 1108 2432 1143 2498; x_wconf 88' lang='lat' dir='ltr'><strong>in</strong></span> 
     </span>
     <span class='ocr_line' id='line_1_27' title="bbox 186 2515 1145 2602; baseline 0.006 -22"><span class='ocrx_word' id='word_1_178' title='bbox 186 2516 398 2599; x_wconf 86' lang='lat' dir='ltr'><strong>quincuncem</strong></span> <span class='ocrx_word' id='word_1_179' title='bbox 421 2516 589 2582; x_wconf 87' lang='lat' dir='ltr'><strong>arboribus</strong></span> <span class='ocrx_word' id='word_1_180' title='bbox 611 2515 753 2581; x_wconf 86' lang='lat' dir='ltr'><strong>consitas</strong></span> <span class='ocrx_word' id='word_1_181' title='bbox 776 2515 897 2600; x_wconf 86' lang='lat' dir='ltr'><strong>sylvas,</strong></span> <span class='ocrx_word' id='word_1_182' title='bbox 925 2518 971 2582; x_wconf 88' lang='lat' dir='ltr'><strong>sic</strong></span> <span class='ocrx_word' id='word_1_183' title='bbox 992 2518 1145 2602; x_wconf 88' lang='lat' dir='ltr'><strong>squalen-</strong></span> 
     </span>
     <span class='ocr_line' id='line_1_28' title="bbox 185 2603 1145 2691; baseline 0.008 -24"><span class='ocrx_word' id='word_1_184' title='bbox 185 2606 253 2668; x_wconf 92' lang='lat' dir='ltr'><strong>tem</strong></span> <span class='ocrx_word' id='word_1_185' title='bbox 275 2608 320 2688; x_wconf 90' lang='lat' dir='ltr'><strong>et,</strong></span> <span class='ocrx_word' id='word_1_186' title='bbox 342 2609 380 2670; x_wconf 91' lang='lat' dir='ltr'><strong>ut</strong></span> <span class='ocrx_word' id='word_1_187' title='bbox 401 2605 449 2670; x_wconf 88' lang='lat' dir='ltr'><strong>ita</strong></span> <span class='ocrx_word' id='word_1_188' title='bbox 470 2605 617 2687; x_wconf 85' lang='lat' dir='ltr'><strong>dixerim,</strong></span> <span class='ocrx_word' id='word_1_189' title='bbox 644 2603 805 2687; x_wconf 87' lang='lat' dir='ltr'><strong>impexam</strong></span> <span class='ocrx_word' id='word_1_190' title='bbox 826 2606 936 2671; x_wconf 86' lang='lat' dir='ltr'><strong>nescio</strong></span> <span class='ocrx_word' id='word_1_191' title='bbox 958 2626 1022 2691; x_wconf 92' lang='lat' dir='ltr'><strong>quo</strong></span> <span class='ocrx_word' id='word_1_192' title='bbox 1044 2606 1145 2675; x_wconf 89' lang='lat' dir='ltr'><strong>modo</strong></span> 
     </span>
     <span class='ocr_line' id='line_1_29' title="bbox 127 2691 1145 2779; baseline 0.005 -23"><span class='ocrx_word' id='word_1_193' title='bbox 127 2730 136 2747; x_wconf 86' lang='lat'><strong>·</strong></span> <span class='ocrx_word' id='word_1_194' title='bbox 187 2694 405 2777; x_wconf 78' lang='lat' dir='ltr'><strong>augustiorem</strong></span> <span class='ocrx_word' id='word_1_195' title='bbox 433 2695 467 2758; x_wconf 89' lang='lat' dir='ltr'><strong>at</strong></span> <span class='ocrx_word' id='word_1_196' title='bbox 492 2691 672 2757; x_wconf 85' lang='lat' dir='ltr'><strong>maiestatis</strong></span> <span class='ocrx_word' id='word_1_197' title='bbox 698 2691 877 2776; x_wconf 86' lang='lat' dir='ltr'><strong>pleniorem</strong></span> <span class='ocrx_word' id='word_1_198' title='bbox 903 2692 1018 2777; x_wconf 68' lang='lat' dir='ltr'><strong>uderi,</strong></span> <span class='ocrx_word' id='word_1_199' title='bbox 1043 2715 1145 2779; x_wconf 87' lang='lat' dir='ltr'><strong>quam</strong></span> 
     </span>
     <span class='ocr_line' id='line_1_30' title="bbox 187 2780 1146 2866; baseline 0.004 -21"><span class='ocrx_word' id='word_1_200' title='bbox 187 2783 349 2864; x_wconf 88' lang='lat' dir='ltr'><strong>comptam</strong></span> <span class='ocrx_word' id='word_1_201' title='bbox 376 2784 411 2846; x_wconf 89' lang='lat' dir='ltr'><strong>et</strong></span> <span class='ocrx_word' id='word_1_202' title='bbox 437 2781 528 2866; x_wconf 89' lang='lat' dir='ltr'><strong>qussi</strong></span> <span class='ocrx_word' id='word_1_203' title='bbox 555 2780 731 2866; x_wconf 82' lang='lat' dir='ltr'><strong>unguentis</strong></span> <span class='ocrx_word' id='word_1_204' title='bbox 755 2781 931 2846; x_wconf 87' lang='lat' dir='ltr'><strong>delibutam</strong></span> <span class='ocrx_word' id='word_1_205' title='bbox 953 2781 1146 2849; x_wconf 83' lang='lat' dir='ltr'><strong>orationem.</strong></span> 
     </span>
     <span class='ocr_line' id='line_1_31' title="bbox 186 2867 1146 2954; baseline 0.004 -21"><span class='ocrx_word' id='word_1_206' title='bbox 186 2867 309 2943; x_wconf 86' lang='lat' dir='ltr'><strong>Quibus</strong></span> <span class='ocrx_word' id='word_1_207' title='bbox 331 2890 392 2935; x_wconf 90' lang='lat' dir='ltr'><strong>nos</strong></span> <span class='ocrx_word' id='word_1_208' title='bbox 414 2870 462 2934; x_wconf 90' lang='lat' dir='ltr'><strong>ita</strong></span> <span class='ocrx_word' id='word_1_209' title='bbox 481 2890 671 2954; x_wconf 87' lang='lat' dir='ltr'><strong>responsum</strong></span> <span class='ocrx_word' id='word_1_210' title='bbox 689 2870 851 2934; x_wconf 73' lang='lat' dir='ltr'><strong>volumus:</strong></span> <span class='ocrx_word' id='word_1_211' title='bbox 873 2891 942 2936; x_wconf 90' lang='lat' dir='ltr'><strong>non</strong></span> <span class='ocrx_word' id='word_1_212' title='bbox 964 2869 991 2934; x_wconf 87' lang='lat' dir='ltr'><strong>si</strong></span> <span class='ocrx_word' id='word_1_213' title='bbox 1012 2870 1146 2937; x_wconf 72' lang='lat' dir='ltr'><strong>omani·</strong></span> 
     </span>
     <span class='ocr_line' id='line_1_32' title="bbox 186 2957 1146 3042; baseline 0.005 -22"><span class='ocrx_word' id='word_1_214' title='bbox 186 2960 254 3022; x_wconf 88' lang='lat' dir='ltr'><strong>stro</strong></span> <span class='ocrx_word' id='word_1_215' title='bbox 280 2957 422 3022; x_wconf 81' lang='lat' dir='ltr'><strong>intortus</strong></span> <span class='ocrx_word' id='word_1_216' title='bbox 449 2958 584 3042; x_wconf 88' lang='lat' dir='ltr'><strong>capillus</strong></span> <span class='ocrx_word' id='word_1_217' title='bbox 610 2961 644 3021; x_wconf 92' lang='lat' dir='ltr'><strong>et</strong></span> <span class='ocrx_word' id='word_1_218' title='bbox 674 2957 793 3022; x_wconf 82' lang='lat' dir='ltr'><strong>buccae</strong></span> <span class='ocrx_word' id='word_1_219' title='bbox 820 2959 920 3023; x_wconf 92' lang='lat' dir='ltr'><strong>minio</strong></span> <span class='ocrx_word' id='word_1_220' title='bbox 948 2979 986 3023; x_wconf 91' lang='lat' dir='ltr'><strong>ac</strong></span> <span class='ocrx_word' id='word_1_221' title='bbox 1012 2978 1146 3025; x_wconf 85' lang='lat' dir='ltr'><strong>cerussa</strong></span> 
     </span>
     <span class='ocr_line' id='line_1_33' title="bbox 185 3043 1145 3130; baseline 0.007 -24"><span class='ocrx_word' id='word_1_222' title='bbox 185 3043 322 3110; x_wconf 88' lang='lat' dir='ltr'><strong>fluentes</strong></span> <span class='ocrx_word' id='word_1_223' title='bbox 349 3048 383 3109; x_wconf 87' lang='lat' dir='ltr'><strong>et</strong></span> <span class='ocrx_word' id='word_1_224' title='bbox 408 3047 501 3110; x_wconf 83' lang='lat' dir='ltr'><strong>vulsa</strong></span> <span class='ocrx_word' id='word_1_225' title='bbox 527 3045 698 3129; x_wconf 89' lang='lat' dir='ltr'><strong>supercilia</strong></span> <span class='ocrx_word' id='word_1_226' title='bbox 724 3048 758 3109; x_wconf 86' lang='lat' dir='ltr'><strong>et</strong></span> <span class='ocrx_word' id='word_1_227' title='bbox 783 3047 946 3130; x_wconf 88' lang='lat' dir='ltr'><strong>quaesitus</strong></span> <span class='ocrx_word' id='word_1_228' title='bbox 974 3049 1045 3112; x_wconf 84' lang='lat' dir='ltr'><strong>arte</strong></span> <span class='ocrx_word' id='word_1_229' title='bbox 1066 3045 1145 3113; x_wconf 87' lang='lat' dir='ltr'><strong>den·</strong></span> 
     </span>
     <span class='ocr_line' id='line_1_34' title="bbox 184 3132 1145 3221; baseline 0.005 -26"><span class='ocrx_word' id='word_1_230' title='bbox 184 3132 268 3197; x_wconf 89' lang='lat' dir='ltr'><strong>tium</strong></span> <span class='ocrx_word' id='word_1_231' title='bbox 291 3133 412 3198; x_wconf 88' lang='lat' dir='ltr'><strong>candor</strong></span> <span class='ocrx_word' id='word_1_232' title='bbox 433 3137 616 3199; x_wconf 89' lang='lat' dir='ltr'><strong>matronam</strong></span> <span class='ocrx_word' id='word_1_233' title='bbox 634 3133 802 3221; x_wconf 86' lang='lat' dir='ltr'><strong>dedecent,</strong></span> <span class='ocrx_word' id='word_1_234' title='bbox 825 3135 978 3200; x_wconf 89' lang='lat' dir='ltr'><strong>continuo</strong></span> <span class='ocrx_word' id='word_1_235' title='bbox 1001 3135 1145 3200; x_wconf 81' lang='lat' dir='ltr'><strong>illuviem</strong></span> 
     </span>
     <span class='ocr_line' id='line_1_35' title="bbox 186 3221 1148 3289; baseline 0.004 -4"><span class='ocrx_word' id='word_1_236' title='bbox 186 3223 220 3284; x_wconf 91' lang='lat' dir='ltr'><strong>et</strong></span> <span class='ocrx_word' id='word_1_237' title='bbox 241 3221 340 3286; x_wconf 90' lang='lat' dir='ltr'><strong>situm</strong></span> <span class='ocrx_word' id='word_1_238' title='bbox 362 3241 401 3286; x_wconf 82' lang='lat' dir='ltr'><strong>ac</strong></span> <span class='ocrx_word' id='word_1_239' title='bbox 423 3221 534 3286; x_wconf 89' lang='lat' dir='ltr'><strong>sordes</strong></span> <span class='ocrx_word' id='word_1_240' title='bbox 555 3223 674 3287; x_wconf 86' lang='lat' dir='ltr'><strong>decere.</strong></span> <span class='ocrx_word' id='word_1_241' title='bbox 716 3221 779 3286; x_wconf 84' lang='lat' dir='ltr'><strong>Est</strong></span> <span class='ocrx_word' id='word_1_242' title='bbox 801 3226 834 3286; x_wconf 88' lang='lat' dir='ltr'><strong>ct</strong></span> <span class='ocrx_word' id='word_1_243' title='bbox 856 3243 933 3289; x_wconf 89' lang='lat' dir='ltr'><strong>suus</strong></span> <span class='ocrx_word' id='word_1_244' title='bbox 956 3243 1024 3288; x_wconf 92' lang='lat' dir='ltr'><strong>non</strong></span> <span class='ocrx_word' id='word_1_245' title='bbox 1046 3222 1148 3289; x_wconf 88' lang='lat' dir='ltr'><strong>modo</strong></span> 
     </span>
     <span class='ocr_line' id='line_1_36' title="bbox 186 3309 1145 3394; baseline 0.004 -22"><span class='ocrx_word' id='word_1_246' title='bbox 186 3309 437 3393; x_wconf 87' lang='lat' dir='ltr'><strong>matrifamilias,</strong></span> <span class='ocrx_word' id='word_1_247' title='bbox 459 3330 571 3375; x_wconf 86' lang='lat' dir='ltr'><strong>verum</strong></span> <span class='ocrx_word' id='word_1_248' title='bbox 593 3310 692 3375; x_wconf 87' lang='lat' dir='ltr'><strong>etiam</strong></span> <span class='ocrx_word' id='word_1_249' title='bbox 713 3311 783 3376; x_wconf 87' lang='lat' dir='ltr'><strong>viro</strong></span> <span class='ocrx_word' id='word_1_250' title='bbox 807 3311 921 3375; x_wconf 90' lang='lat' dir='ltr'><strong>cultus.</strong></span> <span class='ocrx_word' id='word_1_251' title='bbox 956 3310 1014 3394; x_wconf 82' lang='lat' dir='ltr'><strong>Et,</strong></span> <span class='ocrx_word' id='word_1_252' title='bbox 1037 3314 1074 3376; x_wconf 91' lang='lat' dir='ltr'><strong>ut</strong></span> <span class='ocrx_word' id='word_1_253' title='bbox 1095 3332 1145 3376; x_wconf 92' lang='lat' dir='ltr'><strong>re·</strong></span> 
     </span>
     <span class='ocr_line' id='line_1_37' title="bbox 187 3397 1145 3485; baseline 0.003 -23"><span class='ocrx_word' id='word_1_254' title='bbox 187 3397 433 3481; x_wconf 88' lang='lat' dir='ltr'><strong>prehendendus</strong></span> <span class='ocrx_word' id='word_1_255' title='bbox 457 3398 512 3483; x_wconf 87' lang='lat' dir='ltr'><strong>sit,</strong></span> <span class='ocrx_word' id='word_1_256' title='bbox 540 3399 661 3484; x_wconf 87' lang='lat' dir='ltr'><strong>siquis</strong></span> <span class='ocrx_word' id='word_1_257' title='bbox 685 3398 827 3483; x_wconf 88' lang='lat' dir='ltr'><strong>quotidie</strong></span> <span class='ocrx_word' id='word_1_258' title='bbox 854 3399 987 3463; x_wconf 87' lang='lat' dir='ltr'><strong>radatur</strong></span> <span class='ocrx_word' id='word_1_259' title='bbox 1010 3398 1051 3463; x_wconf 88' lang='lat' dir='ltr'><strong>ad</strong></span> <span class='ocrx_word' id='word_1_260' title='bbox 1073 3420 1145 3485; x_wconf 88' lang='lat' dir='ltr'><strong>spe·</strong></span> 
     </span>
    </p>
   </div>
   <div class='ocr_carea' id='block_1_4' title="bbox 0 0 1186 3824">
    <p class='ocr_par' dir='ltr' id='par_1_8' title="bbox 0 0 1186 3824">
     <span class='ocr_line' id='line_1_38' title="bbox 0 0 1186 3824; baseline 0 0"><span class='ocrx_word' id='word_1_261' title='bbox 0 0 1186 3824; x_wconf 95' lang='lat' dir='ltr'><strong> </strong></span> 
     </span>
    </p>
   </div>
  </div>
 </body>
</html>
