2332 3824
99 203 161 268 166
454 199 589 257 ORATIO
607 199 696 255 xvn.

97 370 192 415 voces
215 347 378 431 antiquas,
406 345 561 430 quasdam
584 344 624 409 ab
646 344 719 427 ipso
744 364 838 409 cusas
864 347 900 409 et
922 349 1067 411 novatas

96 439 223 504 notant.

163 525 343 589 Exsecutus
357 543 429 586 sum
442 520 564 605 omnia,
578 541 659 604 quae
672 541 920 604 proposueram.
940 520 1067 597 Quodsi

98 613 192 679 docui
224 615 257 676 et
287 610 436 674 Tacitum
466 611 502 674 in
536 608 728 694 pulcerrimo
761 613 961 693 argumento
998 633 1067 676 esse

97 703 260 767 versatum
283 700 316 761 ot
337 698 459 761 frustra
480 697 577 762 fidem
597 697 684 761 illius
711 697 748 760 in
776 697 914 761 dubium
941 701 1067 782 vocari3

97 809 201 870 neque
230 785 345 850 debere
371 807 433 850 nos
461 785 631 850 absterreri
653 783 696 849 ab
724 805 763 849 eo
790 785 951 871 legendo,
981 789 1067 872 quod

97 875 227 957 iniquus
259 871 452 939 Christianis
482 873 593 957 fuerit3
629 876 662 937 et
692 873 816 956 puerile
854 895 944 960 esse,
983 877 1066 961 quod

98 963 230 1047 quidam
252 962 291 1027 de
316 962 509 1028 obscuritate
531 962 632 1046 ipsius
656 961 688 1026 et
716 961 894 1044 asperitate
926 986 1065 1050 conque

98 1054 228 1135 runtur3
256 1054 289 1115 et
311 1050 467 1135 desipere,
494 1050 549 1134 qui
572 1071 645 1114 eum
666 1049 751 1113 male
774 1048 894 1115 Latine
918 1053 1067 1119 locutum

98 1143 229 1224 putant:
258 1160 377 1223 quaeso
406 1138 612 1222 obtestorque
635 1158 706 1219 vos,
732 1158 775 1201 ne
799 1138 954 1205 oblatam
977 1143 1066 1209 vobis

98 1229 161 1294 hoc
196 1231 340 1310 tempore
377 1226 544 1290 evolvendi
584 1225 857 1310 praestantissimi
895 1231 1067 1317 scriptoris

100 1315 313 1397 occasionem,
335 1313 458 1377 frustra
476 1334 548 1377 eam
570 1313 718 1379 fortassis
736 1314 815 1379 olim
838 1315 1069 1404 desideraturi,

100 1401 268 1468 amittatis.

141 1792 224 1854 CUM
245 1792 542 1854 mnnnpannnffl
564 1791 777 1852 INCIPERET
800 1792 1032 1861 nplsnoLAs

369 1895 536 1957 GERONIS
558 1898 613 1957 AD
635 1895 826 1958 ATTIOUM.

387 2049 599 2132 ORATIO
628 2048 765 2133 XVII.

186 2227 304 2270 HABITA
318 2229 423 2270 ROMAE
437 2228 541 2269 rmum
555 2228 624 2270 11011.
637 2226 790 2269 novum
803 2226 981 2273 nnnxxm

166 2367 291 2433 Ludere
320 2371 512 2453 quibusdam
542 2369 691 2434 fortassis
718 2371 751 2434 et
782 2367 907 2433 devexa
934 2371 1007 2437 iam
1033 2375 1068 2438 in

100 2456 225 2521 senium
253 2460 358 2521 aetate
386 2478 532 2521 caussam
558 2456 726 2520 minuendi
755 2455 878 2521 laboris
906 2478 1068 2541 quaerere

99 2543 245 2625 videbor,
281 2545 337 2626 qui
367 2564 468 2625 usquo
502 2542 639 2606 antehac
669 2544 706 2607 in
737 2543 939 2629 gravissimis
971 2569 1067 2631 prae·

100 2631 372 2696 stantissimorum
395 2631 587 2714 scriptorum
605 2631 697 2696 libris
717 2653 840 2714 eorum,
864 2632 921 2715 qui
944 2634 991 2699 ad
1015 2656 1067 2701 me

100 2719 318 2805 ventitabant,
345 2719 538 2785 industriam
566 2741 711 2785 exercere
739 2719 854 2785 solitus
879 2718 945 2785 hoc
974 2743 1067 2789 anno

101 2807 264 2877 Ciceronis
301 2810 455 2895 epistolas
493 2810 533 2876 ad
568 2808 715 2873 Atticum
750 2806 830 2871 mihi
865 2812 1068 2892 sumpserim

99 2900 367 2985 interpretandas.
416 2899 468 2965 Ita
509 2899 594 2963 enim
634 2896 732 2981 vulgo
772 2915 967 2979 persuasum
1006 2900 1067 2983 est,

100 3009 230 3053 omnem
265 2990 475 3071 epistolarum
510 2987 682 3051 lectionem
721 2983 790 3047 1010
831 2982 989 3066 quiddam
1028 3007 1068 3051 00

99 3073 258 3138 ludicrum
282 3095 363 3155 esse,
386 3075 552 3156 magisque
576 3073 616 3135 ad
638 3072 777 3156 pueriles
800 3071 927 3135 animos
951 3072 1066 3158 aliquo

99 3157 282 3223 litterarum
318 3162 416 3243 gustu
447 3158 651 3243 imbuendos,
688 3180 785 3242 quam
816 3158 857 3222 ad
888 3158 1068 3227 retinenda

100 3245 284 3329 graviorum
307 3246 449 3309 virorum
472 3244 579 3309 studia
601 3246 887 3311 accommodatum
922 3245 976 3312 De
999 3270 1067 3335 qua

102 3332 267 3417 opinione,
290 3353 366 3396 vera
388 3351 489 3395 necne
513 3333 568 3417 sit,
592 3355 781 3418 quaeremus
803 3335 927 3417 postea
965 3333 1067 3401 Nunc

99 3421 163 3487 hoc
186 3421 269 3485 dico:
293 3418 321 3483 si
343 3417 480 3483 maxime
497 3419 615 3505 fatear,
638 3422 811 3506 quaesiisse
829 3422 1068 3491 marritionem

100 3509 256 3594 aliquam‚
284 3529 348 3590 qua
376 3506 444 3570 sinc
472 3508 539 3573 ulla
560 3509 712 3575 utilitatis
739 3508 888 3594 publicae
914 3509 1068 3578 deminu-
