2400 3870
119 198 163 262 60
493 197 629 253 ORATIO
648 196 695 252 VI.

119 363 242 425 corpore
272 347 419 408 secretum
448 362 543 424 acque
573 361 643 406 oum
665 343 769 407 1111111
796 342 937 408 omnbus
964 349 1076 428 lacape-

118 437 232 496 rutum.
272 430 362 495 Haec
388 428 597 514 Hippocratis
624 430 723 495 verba
749 431 820 513 ipsa
848 433 1003 517 expressi,
1036 455 1076 499 ex

120 519 236 603 quibus
249 519 475 603 intelligimus,
495 519 532 582 iu
550 518 794 602 aequabilitate,
816 519 907 585 cuius
931 520 1075 586 effectrix

119 607 244 672 iustitia
267 609 329 690 est,
351 607 447 670 sitam
470 627 539 670 esse
561 606 682 670 bonam
704 607 847 690 corporis
871 609 1075 675 constitutio·

120 716 203 759 nem.
244 693 307 758 Sed
333 715 374 759 ne
401 694 446 758 ali
474 693 602 778 quidem
629 715 745 779 corpus
773 695 896 759 utiliter
923 717 961 761 11
989 699 1074 763 salu·

120 783 234 847 1111111
260 783 329 847 sine
361 783 469 866 aliqua
499 782 641 867 imagine
672 782 813 847 iustitiae
844 787 960 867 potest.
1001 783 1075 850 Nisi

121 870 207 933 euim
233 870 282 935 vis
310 871 417 954 aliqua
435 869 499 955 sit,
531 892 613 954 quae
641 873 673 934 et
699 870 819 936 siccum
845 873 879 935 11
905 872 1075 939 humidum

121 958 322 1045 alimentum,
344 960 400 1025 ubi
421 959 487 1023 iam
509 961 637 1024 coctum
659 962 755 1042 atquc
778 959 962 1024 confectum
984 965 1020 1026 et
1040 963 1076 1026 in

121 1066 251 1111 succum
273 1069 311 1112 ac
338 1048 530 1132 sauguinem
557 1067 749 1112 conversum
776 1050 837 1130 est,
864 1049 1076 1131 aequabiliter

120 1135 294 1200 distribuat
316 1157 353 1200 ac
376 1135 545 1220 dispertiat
563 1138 659 1218 atque
681 1134 728 1218 id,
752 1135 837 1218 quod
857 1136 970 1220 cuique
988 1138 1076 1221 parti

36 1279 39 1284 .
121 1225 233 1305 aptum
256 1228 289 1286 et
311 1222 587 1287 accommodatum
610 1224 660 1286 est
681 1225 714 1286 11
736 1227 893 1307 quantum
912 1246 994 1309 opus
1018 1229 1076 1311 111,

120 1310 256 1394 tribuat,
277 1331 382 1393 neque
405 1310 484 1374 alias
505 1313 614 1394 partes
636 1311 776 1375 tumidas
799 1315 832 1375 et
848 1312 1076 1400 redundantes,

122 1398 201 1461 alias
229 1397 400 1462 exhaustas
424 1400 456 1461 et
478 1401 607 1463 enectas
630 1420 699 1463 esse
721 1400 877 1483 patiatur:
903 1401 1000 1466 facile
1027 1403 1076 1467 in·

120 1485 310 1570 telligimus,
340 1485 420 1550 haec
445 1489 515 1550 tam
546 1487 744 1551 admirabilis
775 1487 899 1552 fabrica
930 1491 1076 1574 eorporis

121 1574 225 1638 nostri
257 1577 413 1658 quantam
448 1574 685 1639 deformitatem
721 1575 872 1641 habitura
908 1580 941 1641 et
978 1600 1076 1661 quam

122 1662 186 1725 cito
213 1663 337 1727 ruitura
365 1663 415 1727 111.
454 1661 563 1746 Atque
589 1663 669 1728 11111
695 1663 731 1727 in
758 1665 954 1747 corporibus.
991 1665 1076 1742 Quid

121 1748 318 1814 inanimis?
346 1753 503 1834 quantum
529 1751 689 1816 bonorum
712 1773 732 1814 a
757 1752 894 1836 iustitia,
916 1757 1076 1837 quantum

122 1838 281 1902 malorum
308 1839 349 1903 ab
380 1839 540 1903 iniustitia
572 1839 656 1902 effici
688 1839 840 1904 creditis?
885 1840 926 1905 In
958 1843 1076 1926 quibus

122 1947 195 1991 cum
208 1949 283 2011 pars
297 1949 363 1992 una
376 1927 431 2010 sit,
446 1948 509 2009 qua
521 1926 732 2012 intelligimus
736 1978 745 2012 ,
759 1949 823 2011 qua
835 1929 1076 2017 ratiocinamur,

122 2036 185 2098 qua
199 2016 343 2099 proxime
358 2015 398 2080 ad
416 2015 559 2079 diuinam
581 2019 731 2079 naturam
749 2016 942 2100 accedimus3
965 2019 1077 2104 111111,

122 2125 204 2187 quae
225 2105 361 2170 rationis
383 2104 454 2188 ipsa
476 2103 606 2187 quidem
628 2125 685 2187 per
707 2125 741 2168 se
758 2105 920 2189 particeps
933 2127 1002 2170 non
1016 2111 1076 2192 est,

123 2192 179 2255 sed
202 2192 423 2275 obtemperare
445 2195 555 2255 tamen
581 2191 701 2256 rationi
727 2196 847 2275 potest:
875 2214 961 2278 cum,
988 2196 1076 2278 quod

122 2278 192 2342 fieri
213 2279 264 2343 ius
287 2283 349 2363 est,
371 2280 404 2343 id
426 2279 477 2363 fit,
499 2280 563 2344 hoc
586 2282 648 2363 est,
671 2301 744 2344 cum
765 2302 841 2364 pars
858 2281 915 2345 illa
929 2283 1078 2366 superior

121 2365 273 2449 imperat,
295 2369 328 2430 11
349 2370 506 2449 tanquam
527 2366 672 2430 habenas
693 2369 808 2432 tenens
831 2389 959 2434 currum
981 2371 1077 2456 regit,

122 2457 216 2538 paret
247 2455 349 2518 altera
381 2458 426 2537 et,
458 2476 521 2537 quo
548 2454 606 2519 illa
633 2476 758 2537 cunque
786 2455 894 2540 ducet,
922 2458 1078 2543 sequitur,

122 2546 193 2606 tum
216 2543 320 2606 omnis
342 2542 510 2625 honestas,
538 2543 642 2607 omnis
665 2543 819 2628 dignitas,
848 2545 952 2610 omnis
976 2545 1078 2612 officii

123 2651 161 2694 11
192 2629 320 2694 virtutis
356 2631 508 2715 splendor
539 2630 651 2695 elucet.
690 2629 737 2694 At
768 2653 841 2696 cum
872 2654 1005 2698 excusso
1037 2655 1078 2700 ac

122 2718 257 2801 depulso
285 2719 420 2783 rationis
451 2719 543 2805 iugo,
575 2719 748 2803 cupiditas,
780 2720 872 2803 quasi
903 2720 1077 2788 seditiosus

123 2806 238 2890 aliquis
257 2828 295 2872 ac
312 2808 517 2873 turbulentus
536 2807 627 2892 civis,
650 2808 753 2872 fasces
771 2808 897 2893 arripit,
914 2808 951 2872 in
969 2831 1078 2875 arcem

121 2895 259 2981 invadit,
281 2901 423 2962 mentem
445 2897 484 2961 de
508 2918 566 2961 sua
589 2896 662 2960 sede
679 2898 792 2961 eontra
812 2897 863 2960 ius
885 2896 1000 2980 fasque
1023 2898 1078 2962 de-

121 2985 245 3068 turbat,
266 2987 351 3069 tum,
377 2990 415 3049 ut
436 2985 529 3048 navis
556 2984 755 3048 discordibus
783 2988 856 3048 acta
882 2985 1003 3070 ventis,
1030 2987 1078 3051 111

121 3073 262 3137 hominis
284 3073 352 3136 rita
374 3072 544 3136 contrariis
563 3075 596 3134 et
613 3071 698 3136 inter
716 3093 750 3136 11
768 3073 990 3158 pugnantibus
1009 3072 1078 3139 foe·

122 3160 326 3223 dissimarum
352 3159 524 3222 libidinum
550 3158 680 3224 flatibus
713 3161 849 3245 agitata,
880 3160 916 3225 111
947 3182 1079 3228 omnem

122 3248 278 3311 scelerum
301 3267 338 3310 ao
360 3245 558 3331 flagitiorum
579 3249 813 3332 turpitudinem
830 3269 984 3334 praeceps
1002 3250 1078 3315 ruit

121 3333 204 3418 Ipsis
231 3336 332 3420 igitur
360 3338 393 3399 et
420 3337 601 3401 animorum
628 3341 661 3400 et
692 3358 863 3420 corporum
889 3340 1079 3403 nostrorum

120 3421 205 3489 inter
219 3446 252 3488 se
266 3425 426 3509 partibus,
440 3428 478 3488 ut
490 3424 634 3508 utrisque
647 3425 729 3488 bene
744 3445 781 3488 ac
799 3425 893 3489 beate
912 3425 967 3496 sit.
984 3425 1079 3489 iusti-

114 3510 192 3576 tiam
216 3513 382 3598 quandam
404 3512 605 3578 intercedere
626 3533 758 3576 neccsse
780 3516 839 3576 est.
