2332 3824
104 163 166 229 170
418 162 555 219 ORATIO
573 162 663 219 XVII.

101 330 139 374 ac
166 311 334 376 venustate
360 306 537 393 praeditae,
562 305 682 378 Paulus
710 306 890 375 Manutius.
932 311 1002 389 Qui
1032 319 1080 380 ta·

100 419 177 463 men
204 397 472 483 quemadmodum
498 395 577 460 illud
605 396 770 461 consecuti
800 402 894 481 sunt,
923 404 967 464 nt
995 403 1079 468 haec

100 486 171 551 laus
212 507 286 553 vere
322 506 359 549 ac
399 484 514 549 merito
554 483 686 568 propria
721 482 837 548 Italiae
880 486 1078 575 haberetur,

101 575 194 658 eique
225 578 348 639 ceterae
380 593 492 637 omnes
523 571 672 636 nationes
704 571 868 638 scribendi
902 576 1077 661 elegantia

100 662 195 727 facile
219 662 379 726 cederent:
402 660 450 724 ita
471 661 552 725 illud
573 659 687 744 negari
703 681 772 725 non
794 663 922 746 potest,
946 667 1074 732 multos

100 771 220 815 naevos
255 749 437 832 multasque
473 749 628 831 maculas,
668 748 755 830 quod
790 748 882 813 bona
920 755 1073 819 omnium

100 837 194 902 venia
216 836 337 901 dictum
360 837 416 920 sit,
441 837 571 902 illorum
592 835 738 900 omnium
760 837 891 920 scriptis
916 861 1072 924 aspersas

100 946 184 1009 esse,
220 946 301 1008 quae
333 925 467 1010 planum
497 925 633 1006 faciant,
666 924 740 991 illos
776 923 897 989 vidisse
936 931 1071 1011 quidem

102 1013 180 1098 quid
202 1013 360 1098 optimum
383 1016 479 1097 esset,
507 1015 540 1076 et
566 1012 651 1076 viam
679 1033 761 1094 quae
784 1012 825 1076 ad
852 1013 938 1078 illud
967 1017 1070 1083 ferret

101 1103 265 1188 ingressos
292 1104 390 1186 longe
417 1100 623 1184 processisse,
656 1099 712 1163 sed
743 1100 842 1184 longe
874 1105 995 1168 tamen
1029 1107 1068 1170 ab

101 1213 152 1275 eo,
188 1212 251 1273 quo
283 1189 507 1273 intendebant,
544 1186 734 1253 substitisse.
777 1186 895 1271 Neque
929 1192 996 1257 hoc
1031 1216 1067 1258 eo

100 1278 185 1359 dico,
216 1279 253 1340 ut
285 1277 324 1339 dc
352 1297 551 1340 summorum
577 1275 720 1340 virorum
747 1275 852 1359 gloria
883 1279 1067 1364 quidquam

99 1366 270 1448 propterea
301 1362 480 1428 detraham:
512 1385 593 1447 quos
625 1366 658 1427 et
686 1363 828 1429 admiror
859 1365 934 1448 ipse
964 1373 999 1433 et
1026 1370 1065 1433 ad

101 1473 212 1518 eorum
247 1451 468 1536 persequenda
503 1452 640 1537 vestigia
676 1450 838 1517 cohortari
875 1475 938 1519 vos
976 1459 1065 1522 volo:

100 1540 156 1604 sed
178 1544 216 1605 ut
237 1541 440 1625 intelligatis,
462 1540 593 1604 minime
615 1539 782 1622 vulgarem
803 1561 872 1604 esse
897 1562 974 1608 eam
996 1546 1063 1610 lau-

99 1627 185 1712 dem,
213 1649 310 1711 quam
331 1632 383 1694 tot
405 1650 442 1693 ac
464 1630 546 1692 tales
568 1627 641 1711 viri,
667 1627 769 1690 tantis
796 1627 969 1695 laboribus
992 1636 1061 1696 tan-

98 1719 197 1799 toque
229 1717 335 1782 studio
371 1718 501 1801 plenam
530 1720 639 1780 tamen
670 1735 707 1778 ac
740 1715 878 1780 solidam
905 1720 1061 1804 consequi

99 1825 168 1869 non
189 1805 364 1890 potuerint.
476 1825 484 1837 ¹

165 1893 262 1959 Nunc
294 1893 380 1978 quod
412 1893 554 1957 dicturus
587 1913 672 1976 sum,
707 1891 810 1956 nolim
841 1913 861 1955 a
895 1914 1059 1979 quoquam

100 1980 210 2047 dumus
238 1983 353 2066 accipi,
381 1981 436 2045 sed
458 1982 505 2045 ita
526 1980 649 2065 potius,
671 1981 708 2043 ut
730 1979 914 2063 profectum
938 1983 982 2047 ab
1006 2005 1058 2067 op-

98 2069 178 2136 timo
207 2091 283 2156 erga
310 2091 367 2134 vos
396 2069 503 2133 animo
531 2071 564 2132 et
586 2090 606 2131 a
632 2067 789 2152 singulari
816 2068 961 2150 quadam
990 2093 1058 2134 mea

99 2179 178 2242 erga
200 2180 320 2224 nomen
341 2157 490 2221 Italicum
512 2158 687 2222 voluntate.
715 2153 778 2230 Qui
794 2156 880 2219 enim
903 2157 940 2221 in
963 2157 1058 2223 Italia

102 2245 221 2309 diutius
250 2246 422 2329 aliquando
451 2266 548 2328 quam
574 2245 610 2308 in
632 2243 749 2326 Gallia,
776 2243 832 2307 ubi
854 2247 953 2308 natus
979 2268 1057 2329 sum,

98 2332 244 2414 vixerim,
272 2334 390 2396 etiam
415 2332 540 2416 pridem
562 2333 597 2395 in
623 2332 685 2395 hac
707 2331 793 2396 orbis
816 2334 979 2397 terrarum
1002 2356 1056 2399 no·

98 2418 255 2482 bilissima
277 2420 356 2484 urbe
379 2420 470 2483 sedes
493 2440 531 2483 ac
558 2419 754 2484 domicilium
782 2419 983 2504 collocarim,
1011 2423 1056 2485 fa-

98 2528 169 2570 cere
196 2527 300 2588 neque
327 2527 460 2590 possum
487 2526 591 2587 neque
618 2506 732 2590 debeo,
760 2507 838 2590 quin
865 2511 899 2571 et
926 2507 1056 2573 Italiam

98 2599 131 2660 et
152 2594 322 2678 praecipue
345 2593 457 2657 urbem
474 2591 612 2656 Romam
629 2594 701 2675 pari
720 2616 757 2658 ac
775 2595 915 2679 patriam
934 2597 1055 2679 pietate

98 2705 136 2749 ac
164 2681 269 2748 studio
302 2681 414 2747 colam.
453 2679 556 2749 Doleo
588 2681 691 2767 igitur
720 2685 753 2746 et
783 2683 950 2768 indignor,
983 2706 1052 2750 cum

98 2794 180 2857 quae
202 2773 286 2858 laus,
308 2775 422 2838 nostra
444 2794 481 2837 ac
503 2774 633 2856 patrum
655 2770 822 2854 memoria,
844 2772 989 2855 propria,
1019 2777 1056 2837 ut

98 2862 177 2949 dixi,
197 2862 355 2930 Italorum
376 2862 452 2946 fuit,
478 2866 516 2927 ut
538 2860 599 2926 soli
620 2882 660 2924 ex
683 2858 831 2924 omnibus
853 2858 974 2959 Latina
995 2860 1055 2924 lin-

98 2951 907 3120 {cilicisesdteacacpidssddbrddderdidbdisesdmvilduelde,
929 2949 1056 3100 liixodt

97 3118 163 3181 iam
189 3126 260 3185 tota
287 3122 382 3186 Italia
409 3122 504 3204 pauci
531 3119 662 3202 quidam
689 3143 795 3206 senes,
823 3123 879 3206 qui
906 3144 978 3187 eam
1006 3127 1054 3188 ut·

98 3225 223 3287 cunque
264 3210 458 3289 sustineant,
498 3206 708 3288 reperiantur.
757 3209 886 3274 Interea
927 3215 1055 3276 exterae

97 3292 245 3358 nationes
269 3296 314 3376 et,
337 3297 374 3357 ut
395 3295 492 3378 vulgo
520 3293 673 3359 initalia
700 3300 870 3382 vocantur,
896 3298 1054 3364 barbarae

97 3383 182 3447 hanc
209 3382 444 3467 possessionem
471 3381 592 3467 gloriae
624 3386 789 3468 tamquam
817 3408 836 3449 a
868 3386 961 3451 vobis
993 3411 1054 3472 pro

99 3471 250 3537 derelicta
270 3468 416 3535 habitam
439 3475 650 3556 occuparunt,
676 3472 803 3556 iamque
826 3495 894 3538 non
918 3475 1055 3540 obscure
