2332 3824
99 194 163 261 184
446 192 583 251 ORATIO
600 190 702 250 xvln

98 361 259 425 sermone,
282 361 348 425 quo
368 341 468 425 vulgo
490 336 588 404 Italia
608 339 726 403 utiturr
751 360 823 405 non
846 363 913 428 ego
940 347 1075 429 quidem

97 433 271 514 propterca
308 449 350 493 ne
386 428 433 494 sic
469 427 596 512 quidem
632 430 759 493 veteres
788 429 867 494 illos
901 433 1074 517 sapientes

98 521 208 603 patres
240 536 278 581 ac
309 517 406 581 duces
432 513 647 601 negligendos
679 515 833 600 dicerem,
865 518 926 584 sed
957 525 1072 588 tamen

99 606 250 690 aequiore
285 604 393 668 animo
424 603 555 687 ferrem,
590 602 619 666 si
651 604 724 687 quis
755 602 881 671 Graeco
916 628 1071 676 sermone

99 694 281 758 accuratius
307 691 460 756 discendo
488 689 696 776 supersedere
722 693 830 757 vellet
866 693 974 762 Nunc
997 720 1070 764 cum

99 780 186 845 domi
207 782 287 843 nata
309 782 344 844 et
363 781 536 844 vernacula
558 779 668 844 omnia
696 782 792 845 tanto
817 781 956 848 iaceant
983 786 1069 851 infra

97 867 228 932 illorum
245 867 452 953 dignitatem,
469 870 591 952 quanto
608 867 693 932 imae
711 868 917 953 maximeque
939 873 1067 959 depres-

99 976 154 1020 sae
168 956 330 1021 convalles
343 956 430 1020 infra
444 956 693 1020 editissimorum
710 957 880 1041 coeloque,
894 963 937 1023 ut
950 967 1066 1045 poetae

98 1044 290 1129 loquuntur,
312 1044 507 1109 minantium
523 1042 686 1108 montium
703 1045 884 1109 cacumina:
909 1051 991 1131 quis
1008 1052 1066 1115 iste

99 1136 168 1197 tam
194 1134 302 1198 mollis
329 1154 367 1197 ao
398 1131 567 1215 delicatus,
596 1131 670 1215 quis
699 1134 769 1196 tam
796 1133 838 1196 ab
867 1137 965 1201 omni
993 1160 1066 1203 vera

99 1221 314 1306 pulcritudine
342 1240 473 1284 aversus
501 1223 563 1303 est,
597 1219 652 1304 qui
678 1219 837 1304 laborem,
864 1243 939 1288 non
967 1228 1064 1291 maxi·

98 1328 187 1370 mum
209 1328 314 1390 neque
336 1307 474 1371 fortasse
503 1310 644 1390 tantum,
670 1310 812 1390 quantus
838 1311 945 1396 vulgo
974 1319 1064 1398 puta·

98 1397 166 1479 tur,
188 1394 229 1459 ad
246 1395 320 1459 illos
338 1395 495 1496 maximos
512 1395 600 1461 viros
616 1395 846 1480 intelligendos
861 1401 1063 1498 'capiendum

98 1483 221 1635 tttt
244 1482 353 1655 illl?
367 1486 563 1637 ,titt
584 1482 633 1636 {t
652 1482 1064 1644 tltettttdttt

99 1661 293 1743 praepotens
315 1660 417 1743 Deus,
443 1659 619 1742 auditores,
644 1661 683 1722 ut
708 1679 770 1744 ego
796 1661 893 1726 vobis
922 1664 964 1729 de
993 1688 1063 1732 meo

100 1767 197 1812 sensu
222 1747 322 1812 libere
349 1750 445 1831 atque
472 1748 612 1831 ingenue
637 1747 762 1830 loquar.
802 1745 839 1812 Si
865 1770 908 1814 ex
936 1751 1063 1820 Latinis

100 1836 310 1919 scriptoribus
328 1836 491 1900 neminem
512 1835 704 1899 haberemus
717 1838 847 1919 praeter
860 1835 1063 1927 Ciceronem,

100 1922 288 2008 Virgilium,
311 1921 479 2007 Senecam,
500 1922 641 2007 Livium,
662 1921 819 2008 Plinium,
839 1923 1009 2015 Tacitum,
1031 1935 1063 1995 et

101 2013 230 2076 constat
254 2013 375 2077 multos
402 2032 471 2076 esse
498 2011 593 2096 alios,
619 2012 676 2096 qui
701 2011 738 2075 in
763 2011 850 2076 idem
877 2015 994 2082 album
1015 2040 1061 2083 re·

99 2099 178 2164 ferri
200 2105 333 2184 queant,
357 2101 413 2164 sed
435 2100 463 2164 si
485 2119 542 2164 eos
564 2101 651 2165 solos
672 2099 879 2186 haberemus,
901 2103 993 2170 iusta
1014 2111 1061 2172 ta·

100 2209 175 2252 men
192 2189 273 2253 mihi
291 2209 404 2253 caussa
421 2187 596 2271 videretur,
618 2209 675 2253 our
693 2187 734 2251 ad
754 2208 809 2253 eos
826 2189 1061 2278 intelligendos

99 2274 246 2358 linguam
273 2276 423 2341 Latinam
449 2275 541 2340 avide
568 2276 770 2341 disceremus.
809 2275 908 2342 Nunc
936 2284 1061 2348 aceedit

100 2362 164 2426 alia
189 2364 287 2447 longe
315 2364 518 2448 gravissima,
545 2385 627 2446 quae
653 2384 715 2429 nos
740 2364 913 2431 incendere
941 2373 1060 2437 utrius·

102 2471 163 2534 que
188 2450 295 2515 studio
318 2451 442 2515 debeat.

165 2536 252 2603 Nam
274 2558 348 2602 curu
370 2559 481 2601 earum
502 2538 701 2623 linguarum,
728 2561 864 2624 quarum
885 2565 968 2615 usus
991 2569 1058 2612 eru·

100 2626 176 2690 ditis
197 2647 271 2691 cum
292 2626 391 2710 vulgo
405 2625 583 2689 communis
598 2630 659 2710 est,
681 2649 892 2713 unaquaeque
911 2636 947 2696 et
964 2637 1058 2700 certis

100 2718 134 2781 et
150 2714 298 2804 angustis
315 2715 472 2780 limitibus
491 2715 730 2800 circumscripta
747 2719 910 2802 teneatur,
932 2720 1057 2806 harum,

101 2804 140 2871 de
163 2807 280 2893 quibus
303 2806 442 2893 agimus,
463 2827 541 2872 usus
559 2808 628 2871 toto
647 2806 879 2889 propemodum
896 2810 1057 2876 terrarum

101 2895 178 2960 orbe
210 2897 343 2962 diffusus
371 2900 429 2961 est.
468 2894 581 2960 Italics
606 2895 792 2978 loquentem
818 2895 879 2958 soli
904 2894 984 2963 itali
1011 2901 1057 2963 in·

99 2984 261 3067 telligeut3
284 2985 339 3066 qui
357 2987 485 3048 tantum
503 2981 677 3063 Hispanice
695 2983 859 3066 loquatur,
876 2983 964 3049 inter
982 2985 1057 3051 (ler-

100 3089 214 3133 manos
236 3091 295 3152 pro
318 3072 408 3134 muto
431 3068 615 3150 habebitur3
642 3068 821 3134 Germanus
847 3070 936 3136 inter
956 3071 1057 3139 Italos

99 3156 182 3215 nutu
200 3175 238 3217 ac
256 3156 406 3218 manibus
418 3175 477 3237 pro
496 3153 609 3236 lingua
635 3158 685 3220 uti
699 3152 845 3244 cogetur,
863 3160 919 3244 qui
932 3160 1056 3227 Gallico

100 3259 246 3304 sermone
256 3241 447 3322 peritissime
458 3260 495 3303 ac
505 3240 715 3309 scientissime
725 3249 844 3330 utatur,
857 3248 914 3311 ubi
924 3248 1057 3315 eGallia

100 3327 225 3410 exierit,
244 3347 339 3410 saepe
352 3329 439 3392 ultro
455 3326 653 3415 irridebitur3
671 3334 727 3416 qui
740 3332 859 3400 Graece
877 3335 1057 3423 Latineque

100 3417 190 3501 sciat,
203 3416 240 3500 is,
254 3435 444 3499 quocunque
458 3418 616 3482 terrarum
629 3422 762 3504 venerit,
775 3443 843 3487 non
855 3423 1059 3512 intelligetur

99 3507 243 3589 tantum,
260 3502 315 3570 sed
333 3504 419 3587 apud
437 3505 607 3591 plerosque
626 3509 832 3574 admirationi
850 3513 920 3578 erit.
946 3513 1056 3600 Atque
