2332 3824
162 172 226 238 190
525 173 661 230 ORATIO
679 173 755 229 xm.

160 320 251 385 verit
317 318 481 403 Principio
502 318 604 403 igitur
625 317 769 402 positum
792 317 850 402 sit,
875 317 1027 386 Graecae
1051 321 1134 388 Lati·

161 428 286 494 noeque
311 408 441 494 linguae
468 405 685 492 cognitionem
711 405 975 474 instrumentum
1004 431 1078 476 esse
1098 411 1134 475 ad

161 496 339 581 parandam
370 495 532 561 doctrinae
563 494 689 579 copiam
724 493 787 559 boc
818 496 956 579 quidem
989 500 1133 584 tempore

161 586 259 669 plane
280 584 505 650 necessarium.
540 581 580 648 Id
601 581 657 667 qui
675 585 813 667 negant,
835 587 897 648 aut
919 584 1003 669 quid
1026 608 1131 652 verum

162 674 298 738 sitnon
324 672 448 755 vident,
480 673 537 736 aut
563 669 777 735 contendendi
804 671 916 736 studio
943 673 984 738 in
1013 695 1129 760 oppug-

160 761 269 825 nando
283 781 334 844 eo,
357 759 444 844 quod
456 779 568 825 rerum
581 761 644 844 est,
666 761 829 823 ostentare
850 759 985 844 ingenii
1001 784 1130 829 acumen

160 849 282 913 volunt

229 934 333 1012 Quare
364 957 444 1020 puer
473 935 516 1020 is,
549 956 642 1020 quem
673 933 849 999 informare
876 956 916 1000 ac
951 937 1128 1005 describere

162 1024 318 1110 ordimur,
353 1025 490 1089 honesto
521 1025 593 1089 loco
623 1025 734 1106 natus,
769 1022 907 1088 modicis
932 1026 1059 1109 opibus
1088 1028 1128 1091 in·

162 1116 316 1198 structus,
339 1135 376 1178 ea
389 1112 532 1196 corporis
545 1112 710 1194 firmitate,
732 1112 770 1175 ut
786 1110 973 1177 studiorum
987 1115 1127 1182 laborem

161 1202 303 1285 perferre
333 1201 450 1285 possit,
481 1201 612 1284 ingenio
643 1220 748 1283 neque
779 1198 902 1283 agresti
936 1204 972 1266 et
995 1203 1127 1289 hispido,

160 1308 221 1350 nec
241 1288 333 1351 molli
360 1291 392 1350 et
418 1287 617 1371 effeminato,
645 1287 700 1352 sed
727 1286 869 1372 eleganti
896 1289 933 1352 et
961 1290 1007 1354 ad
1036 1291 1127 1357 hone

162 1376 280 1440 statem
302 1394 462 1459 propenso
476 1375 653 1460 praeditus,
679 1377 805 1441 sextum
818 1375 938 1440 aetatis
962 1377 1127 1464 ingressus

162 1485 283 1528 annum
302 1463 494 1529 Graecarum
516 1461 768 1548 Latinarumque
789 1463 978 1529 litterarum
1001 1467 1127 1549 formas,

161 1552 306 1636 nomina,
333 1553 528 1636 potestatem
549 1574 607 1636 per
632 1552 743 1617 ludum
765 1550 939 1636 iocumque
964 1555 1127 1621 condiscat

162 1643 208 1722 et,
234 1642 272 1703 ut
293 1640 327 1705 id
349 1639 502 1704 libentius
529 1640 639 1723 faciat,
666 1661 733 1705 non
755 1642 845 1702 metu
867 1660 906 1704 ac
928 1642 1126 1727 verberibus,

163 1728 220 1793 sed
245 1728 443 1811 praemiolis,
470 1728 586 1812 quibus
613 1730 702 1792 aetas
728 1727 786 1791 iiia
800 1727 886 1815 ,capi
912 1729 1016 1816 solet,
1043 1731 1125 1797 iden·

161 1816 263 1881 tidem
285 1817 447 1881 excitetur.
491 1814 559 1881 Ubi
581 1837 701 1880 annum
727 1814 763 1878 in
785 1836 824 1880 eo
844 1817 1011 1903 posuerit,
1039 1824 1078 1885 ut
1097 1822 1125 1883 et

164 1904 283 1970 Graece
307 1907 340 1969 et
365 1903 480 1968 Latine
504 1905 583 1968 satis
608 1904 702 1968 facile
729 1905 825 1987 atque
853 1904 1007 1986 expedite
1033 1908 1125 1993 legat,

162 1993 227 2057 iam
242 1992 378 2077 septimo
401 1991 514 2076 primis
536 1993 600 2057 illis
616 1992 816 2075 maximeque
831 1989 1124 2062 Grammaticorum

162 2082 329 2165 utriusque
357 2080 487 2165 linguae
514 2081 692 2164 praeceptis
722 2076 899 2163 imbuatur,
930 2084 1071 2148 nomina
1095 2086 1143 2148 et.

162 2169 260 2235 verba
281 2169 407 2233 flectere
429 2189 467 2232 ac
488 2169 611 2233 variare
634 2171 668 2234 et
692 2167 777 2232 inter
800 2188 833 2231 se
852 2167 927 2256 sine
945 2170 1032 2237 vitio
1055 2194 1122 2238 con-

162 2257 295 2338 iungere
322 2278 360 2320 ao
387 2256 536 2339 copulare
563 2257 674 2320 discat.
723 2253 808 2319 Huic
833 2254 892 2319 uni
923 2257 973 2322 rei
1006 2281 1123 2326 annum

164 2343 335 2425 septimum
357 2344 456 2408 tribui
471 2344 576 2408 velim.
613 2343 733 2409 Octavo
755 2343 891 2426 incipiat
911 2344 981 2409 iam
1006 2346 1123 2435 aliquid

164 2429 285 2511 audire,
308 2430 429 2513 aliquid
450 2431 569 2514 legere,
592 2431 689 2514 idque
711 2431 880 2515 eiusmodi,
901 2435 942 2496 ut
955 2436 990 2497 et
1003 2437 1048 2502 ad
1066 2438 1123 2501 for·

163 2516 297 2581 mandos
328 2538 434 2581 mores
464 2539 532 2582 non
566 2517 649 2580 nihii
680 2519 824 2583 conferat
854 2522 888 2583 et
922 2522 1123 2608 voluptatem

162 2604 270 2689 potius
292 2604 429 2687 adferat,
457 2625 552 2689 quam
574 2624 726 2690 maguam
747 2608 846 2671 ullam
868 2607 971 2673 animi
993 2617 1123 2678 conten·

162 2695 285 2759 tionem
306 2692 457 2779 requirat.
501 2692 542 2759 In
567 2693 629 2759 hoc
657 2715 771 2780 genere
798 2695 884 2778 apud
907 2695 1054 2766 Graecos
1077 2723 1123 2766 ex-

164 2785 285 2851 cellunt
296 2783 418 2868 Aesopi
439 2783 566 2850 fabulae
581 2785 613 2848 et
629 2782 812 2868 Phocylidis
830 2784 983 2850 carmina.
1015 2787 1125 2856 Latini

163 2874 278 2939 talium
291 2874 484 2958 scriptorum
505 2874 616 2957 inopia
636 2872 798 2954 laborant,
819 2872 884 2935 nisi
906 2873 981 2956 quis
996 2880 1125 2944 easdem

163 2961 235 3025 illas
257 2963 382 3027 tabulas
397 2963 438 3025 ab
459 2963 582 3044 optimo
596 2964 629 3023 et
642 2960 855 3025 eruditissimo
869 2959 949 3044 viro,
973 2961 1125 3031 Gabriele

162 3043 301 3129 Faerno‚
323 3047 448 3111 Latinis
466 3047 610 3111 versibus
629 3046 865 3130 elegantissime
888 3067 1062 3132 expressas
1079 3055 1125 3118 illi

163 3133 262 3193 aetati
292 3134 517 3215 proponendas
548 3134 653 3214 putet,
688 3139 721 3198 et
749 3135 942 3220 addendum,
975 3140 1006 3204 si
1038 3143 1125 3227 quod

163 3215 315 3300 exiguum
339 3223 456 3300 poema
480 3218 570 3301 puris
591 3219 697 3285 verbis
719 3223 804 3287 vitae
825 3228 999 3308 praecepta
1022 3231 1124 3295 conti·

161 3325 243 3371 nens
270 3304 455 3386 reperiatur.
499 3303 671 3371 Biennium
694 3329 904 3395 consequens,
931 3313 966 3377 id
992 3320 1046 3382 est
1066 3340 1124 3384 no

162 3413 299 3460 numae
320 3391 478 3455 decimum
491 3413 625 3472 annum,
647 3396 694 3461 ita
715 3397 926 3463 libentissime
948 3406 1124 3491 posuerim,

162 3488 200 3548 ut
220 3505 301 3567 puer
322 3479 488 3545 matutinis
512 3480 640 3565 quidem
661 3483 750 3550 horis
772 3485 872 3550 libros
894 3486 1125 3573 Xenophontis
