2332 3824
165 155 208 219 80
527 154 664 211 ORATIO
681 154 756 210 VIIL

164 301 291 367 mitetur.
335 298 422 366 Nam
445 301 478 364 et
504 298 632 383 physici
660 298 792 382 docent,
824 321 914 383 quaa
944 304 1068 389 cuique
1091 305 1131 370 rei

165 410 279 454 caussa
292 392 355 473 est,
370 392 408 454 ut
421 388 477 472 sit,
490 387 626 452 eandem
645 386 676 451 ai
690 407 759 451 esse
774 407 946 474 caussam,
960 395 1003 456 ut
1016 393 1129 478 aliquid

166 500 185 543 a
210 481 253 543 at.

187 498 208 563 g
233 564 296 630 Sed
319 564 506 629 omittamus
533 564 594 628 hos
620 564 734 628 molles
761 565 796 627 et
821 562 1002 652 delicatos,
1031 590 1127 654 neque

165 675 220 719 eos
248 674 287 716 ex
314 672 442 735 somno,
474 651 526 715 cui
557 655 626 715 tam
651 651 790 715 libenter
822 651 1022 739 indulgent,
1055 657 1126 722 exci-

165 744 284 823 temus,
306 741 536 823 teneamusque
558 739 606 823 id,
628 738 753 822 quoda
773 738 1035 823 sapientissimis
1058 745 1125 810 viria

164 827 328 911 proditum
342 829 404 911 est,
422 827 505 892 nihil
519 849 588 891 esse
601 827 718 892 inertia
730 825 872 910 foedius3
892 829 966 895 otio
981 833 1028 897 ali
1042 833 1125 915 vita

165 915 281 1000 otium,
303 917 340 980 ut
362 937 431 981 non
449 915 656 1001 gravissimus
678 917 776 1000 putta
798 916 999 998 gravissime
1022 923 1124 985 tamen

165 1004 282 1068 cecinit
308 1001 507 1090 Catullus*),
534 1025 602 1068 non
633 1002 766 1087 privatis
794 1002 894 1068 modo
927 1003 1124 1092 hominibus,

166 1093 221 1157 sed
244 1096 277 1157 εὴ
301 1093 431 1178 regibus
455 1095 488 1155 ct
513 1091 603 1175 prius
630 1091 733 1155 bcatis
756 1089 892 1155 urbibus
921 1095 1019 1160 exitii
1042 1118 1122 1162 caus·

166 1202 235 1244 sam
252 1181 360 1244 fuisse.
391 1176 472 1244 Cum
490 1179 591 1264 igitur
609 1179 714 1244 otiosa
727 1181 760 1244 et
778 1177 901 1262 ignava
914 1180 989 1247 vita
1007 1205 1051 1250 na
1064 1185 1124 1250 vita

165 1266 294 1350 quidem
324 1266 474 1330 habenda
502 1268 556 1351 sit,
587 1266 765 1351 videamus,
796 1287 876 1330 num
911 1268 955 1333 ad
985 1271 1122 1357 aliquam

164 1354 272 1439 potius
296 1354 431 1418 aliarum
460 1355 591 1439 artium,
619 1376 716 1438 quam
739 1353 780 1418 ad
806 1353 949 1440 litteras,
980 1361 1122 1425 animum

165 1443 300 1507 adiicere
322 1447 431 1528 praest
450 1446 473 1508 t.

230 1531 390 1615 Equidem
408 1553 480 1596 cum
497 1535 605 1596 mente
623 1551 661 1596 ac
674 1530 870 1616 cogitatione
888 1533 1061 1615 perlustro
1074 1557 1121 1601 eas

165 1620 265 1703 artes,
289 1620 491 1702 quibuscum
508 1619 596 1683 hisce
616 1618 729 1683 studiis
748 1616 868 1684 nostris
882 1622 942 1683 aut
960 1624 1059 1688 nulla
1072 1627 1123 1688 aut

164 1728 232 1771 non
254 1728 374 1793 magna
392 1708 574 1773 communio
593 1710 656 1790 cst,
678 1707 779 1771 exiis
802 1705 946 1792 quidem,
971 1730 1059 1793 quae
1080 1713 1122 1777 ita

164 1797 362 1862 necessariae
390 1800 480 1881 sunt,
505 1798 543 1861 ut
569 1795 615 1859 eis
638 1794 750 1859 civitas
777 1795 866 1859 nullo
889 1797 991 1862 modo
1016 1819 1122 1865 carere

163 1886 280 1971 possit,
303 1886 382 1950 duas
400 1885 589 1969 praecipuas
602 1883 722 1966 iudico,
740 1881 975 1967 agriculturam
989 1889 1025 1950 et
1044 1909 1122 1953 mer-

166 1977 323 2058 caturam3
355 1996 394 2038 ex
419 1973 459 2038 iis
487 1975 607 2057 autem,
639 1993 720 2055 quaa
748 1970 789 2034 ad
821 1976 1056 2040 ornamentum
1083 1975 1122 2041 ci-

164 2064 274 2128 vitatis
298 2067 331 2128 et
354 2061 394 2126 ad
417 2061 542 2127 animos
569 2060 707 2126 honesta
728 2059 894 2142 voluptate
920 2061 1122 2143 perfunden-

165 2151 222 2214 dos
241 2151 417 2233 pertinent,
435 2150 514 2214 duas
528 2149 659 2213 minime
679 2147 823 2213 sordidas
842 2146 1043 2233 minimeque
1062 2152 1122 2216 illi·

164 2237 301 2320 berales,
328 2237 487 2320 picturam
509 2241 542 2300 εὴ
569 2237 766 2300 statuariam.
815 2233 901 2299 Nam
925 2237 1016 2318 quod
1043 2239 1123 2305 boni

164 2337 374 2406 unaquaeque
398 2322 510 2386 civitas
532 2324 695 2407 percipere
718 2344 757 2386 ex
780 2345 837 2389 suo
861 2325 894 2386 εὴ
915 2325 1027 2406 patrio
1050 2328 1121 2394 solo

163 2412 285 2495 potest,
307 2410 340 2474 id
363 2410 560 2495 agricultura
584 2409 691 2475 educit
713 2413 809 2493 atque
828 2410 927 2493 elicit,
950 2432 1017 2494 quo
1038 2419 1122 2500 eget,

163 2498 196 2562 id
220 2498 348 2562 aliunde
374 2499 554 2562 mercatura
581 2499 770 2580 comportat.
822 2497 875 2564 Ita
901 2497 1017 2565 civitas
1051 2504 1122 2568 sine

164 2585 294 2650 alterius
319 2606 379 2668 ope
401 2605 442 2649 ne
465 2584 531 2648 suis
555 2584 683 2668 quidem
697 2586 812 2669 opibus
829 2586 960 2670 fruitur,
983 2589 1122 2656 alterius

163 2673 317 2739 beneficio
340 2672 459 2738 fruitur
481 2672 578 2737 etiam
601 2673 722 2738 alienis.
766 2673 930 2740 Pictorum
952 2678 1067 2743 autem
1088 2682 1123 2743 et

163 2763 393 2829 statuariorum
412 2783 509 2848 opera
528 2765 560 2828 et
581 2762 758 2848 voluptatis
775 2766 871 2847 atque
893 2761 1121 2832 admirationis

162 2848 285 2917 habent
311 2853 498 2938 plurimum,
525 2855 558 2918 εὴ
585 2873 666 2936 quae
692 2851 873 2915 liberalium
895 2850 1016 2916 artium
1038 2859 1122 2920 nota

164 2943 225 3023 est,
248 2941 384 3027 ingenii,
411 2964 479 3007 non
501 2938 656 3025 corporis,
683 2938 804 3004 viribus
827 2940 991 3023 constant,
1021 2944 1056 3006 et
1080 2943 1122 3008 ad

163 3029 416 3092 conservandam
447 3031 606 3094 clarorum
636 3027 778 3092 virorum
809 3026 997 3091 memoriam
1035 3033 1121 3096 cete·

162 3131 279 3194 rosque
298 3113 339 3176 ad
362 3137 473 3179 eorum
490 3116 703 3180 imitationem
720 3114 902 3179 incitandos
919 3135 988 3179 non
1005 3116 1122 3184 imme·

163 3197 226 3262 rito
242 3219 395 3284 magnam
408 3202 474 3266 vim
490 3203 609 3267 habere
628 3202 809 3267 creduntur.
837 3200 899 3267 Sed
913 3204 1026 3268 tamen
1045 3209 1122 3290 quis

164 3286 248 3352 ausit
279 3286 394 3352 harum
426 3289 544 3354 artium
570 3291 671 3355 ullam
697 3311 770 3355 cum
800 3289 981 3355 litterarum
1008 3295 1122 3362 studio

234 3485 260 3553 ¹l)
278 3479 338 3538 Cat.
356 3479 400 3535 LI.
421 3483 462 3535 lt.
