2332 3824
99 197 166 262 200
450 195 658 250 PRAEFATIO
677 196 699 250 1.

98 341 232 406 dicendo
259 338 477 424 suavitatem)
503 361 571 404 non
597 339 687 422 prius
715 338 854 424 destitit,
884 364 985 427 quam
1014 365 1060 407 me

97 431 227 514 impulit
257 430 406 514 denique,
438 427 500 494 sibi
525 430 563 491 ut
588 427 777 510 reciperem,
809 450 862 492 me
896 430 933 494 id
960 431 1060 515 primo

99 539 225 602 quoque
256 519 401 600 tempore
432 536 502 580 esee
533 515 700 579 facturum.
753 514 869 599 Neque
903 539 983 584 vero
1014 520 1061 583 diu

97 606 193 670 fidem
215 627 320 670 meam
341 605 477 669 liberare
500 603 623 685 distuli3
645 604 683 666 ut
706 603 763 687 qui
784 603 871 669 inter
889 607 1001 672 varias
1016 629 1060 672 oc·

100 693 301 778 cupationes,
323 693 421 756 homo
446 691 565 776 alioqui
586 690 707 755 laboris
729 713 798 756 non
820 692 967 759 nimium
988 696 1061 759 tole·

99 803 188 864 rans,
211 781 272 844 hoc
292 781 415 863 tamen,
438 778 594 865 quidquid
616 781 678 862 est,
700 779 989 848 triummensium
1012 783 1060 848 ali·

100 870 222 954 quanto
245 868 490 933 etiam-minore
514 867 619 950 spatio
642 867 847 933 absolverim.

165 954 262 1020 Nunc
274 956 370 1021 hasce
383 956 510 1042 vigilias
524 977 627 1038 meas,
649 953 850 1020 Bernardine
864 955 1062 1042 Lauredane,

100 1045 221 1110 multae
245 1048 321 1111 sunt
343 1065 470 1128 causae,
494 1043 702 1128 quamobrem
724 1043 785 1107 tibi
807 1044 938 1111 dicatas
961 1049 1061 1112 velim.

100 1131 206 1198 Natus
233 1156 267 1198 es
296 1155 334 1197 ex
360 1133 469 1216 ampla
495 1153 568 1196 cum
594 1130 707 1214 primis
734 1133 767 1195 et
793 1132 899 1197 nobili
933 1135 1063 1218 familia

101 1223 195 1285 etex
222 1243 286 1305 qua
312 1243 350 1284 ea
371 1219 515 1285 Venetae
543 1219 681 1284 civitatis
707 1219 832 1283 lumina
860 1224 1063 1306 exstiterrmt,

101 1329 237 1390 quorum
264 1308 442 1371 claritatem
468 1308 558 1371 nulla
584 1329 727 1392 unquam
754 1308 988 1377 inobscurabit
1014 1313 1064 1377 ob-

100 1394 186 1460 livio.
230 1393 400 1459 Praeterea
422 1397 472 1459 est
498 1395 560 1460 hoc
583 1396 693 1479 generi
713 1398 819 1459 vestro
849 1418 958 1482 prope
988 1401 1064 1465 fata-

101 1483 176 1547 liter
202 1483 326 1567 datum,
357 1485 394 1547 ut
421 1484 534 1548 ametis
560 1485 684 1548 litteras
711 1482 926 1568 hominesque
958 1510 1064 1553 earum

103 1572 236 1636 scientia
259 1572 401 1637 excultos
424 1571 624 1657 benignitate
646 1574 753 1635 vestra
772 1573 1065 1655 comprehendatis.

102 1656 178 1723 Non
199 1661 296 1744 longe
320 1660 506 1724 abierimus:
533 1662 625 1743 pater
646 1659 715 1742 ipse
737 1662 826 1742 tuus,
848 1660 913 1745 vir,
938 1667 979 1729 ut
1003 1688 1065 1731 om·

102 1768 160 1811 nes
186 1751 320 1833 norunt,
353 1748 441 1812 omni
468 1748 614 1833 egregiae
640 1747 768 1811 virtutis
797 1747 893 1812 laude
922 1755 1065 1818 cumula-

102 1836 260 1919 tissimus,
287 1837 334 1900 ita
359 1836 540 1900 litterarum
563 1857 670 1899 amore
692 1835 842 1900 incensus
865 1840 929 1922 est,
960 1844 1002 1906 ut
1023 1865 1066 1925 ea,

105 1946 168 2008 qua
194 1925 312 2009 ubique
344 1924 517 2008 plurimum
543 1925 641 2006 valet,
673 1924 863 1987 auctoritate
892 1929 926 1989 et
961 1932 1067 2013 gratia

103 2033 315 2096 permagnum
339 2012 533 2096 optimorum
555 2012 722 2093 librorum,
752 2012 920 2096 signorum
944 2020 1066 2083 nomis-

104 2103 289 2185 matumque
312 2104 468 2184 veterum,
495 2103 733 2184 ceterorumque
762 2100 971 2183 antiquitatis
1001 2130 1066 2172 rno-

103 2193 330 2253 numentorum
353 2190 477 2274 copiam
501 2210 539 2252 ex
561 2189 709 2252 universa
730 2186 862 2271 Europa
884 2189 1066 2275 diligentis·

105 2277 184 2340 sime
198 2277 369 2362 collegerit.
395 2276 509 2360 Itaque
522 2278 561 2340 ut
573 2279 710 2360 augusta
724 2275 880 2360 quaedem
894 2276 1066 2347 Musarum

106 2364 212 2446 aedes,
234 2364 282 2427 ita
305 2365 418 2429 domus
440 2368 548 2428 vestra
569 2363 715 2428 Venetiis
738 2363 779 2428 ab
802 2364 936 2430 eruditis
961 2369 1066 2436 homi-

104 2451 199 2513 nibus
222 2451 451 2535 frequentatur.
487 2450 576 2515 Haec
591 2473 663 2515 curn
682 2472 802 2536 magna
824 2452 902 2533 sint,
926 2458 966 2519 ut
981 2464 1066 2524 certe

106 2541 193 2620 sunt,
216 2542 326 2602 tamen
339 2561 379 2602 ex
396 2542 429 2603 te
451 2539 522 2621 ipso
536 2542 674 2621 possunt
695 2540 944 2605 innumerabilia
958 2549 1066 2632 magis

104 2626 236 2711 propria
265 2628 340 2689 tuae
371 2625 475 2690 laudis
503 2630 694 2710 argumenta
725 2628 862 2691 desumi:
894 2629 1066 2714 ingenium

106 2715 275 2800 excellens,
307 2736 379 2780 acre
406 2737 443 2780 ao
474 2714 670 2780 indefessum
700 2715 881 2779 litterarum
911 2720 1066 2805 studium,

106 2805 299 2890 optimarum
323 2806 439 2870 artium
457 2804 599 2891 cognitio
620 2806 726 2886 tanta,
749 2806 903 2887 quantam
929 2808 968 2870 tu
993 2831 1066 2874 cum

105 2896 216 2975 paucis
239 2896 310 2960 aliis
332 2897 367 2959 in
389 2896 485 2960 istam
500 2893 614 2958 aetatis
627 2891 821 2956 viriditatem
835 2892 948 2956 cadere
968 2918 1066 2979 posse

107 2982 257 3065 docuisti3
285 2987 368 3064 tum,
396 2982 480 3066 quod
506 2981 713 3063 praecipuum
735 2982 796 3063 est,
822 2980 870 3043 ita
892 2987 1067 3066 compositi

105 3088 223 3151 mores,
245 3073 282 3132 ut
303 3069 451 3132 iuventus
473 3069 531 3129 tua
552 3069 727 3132 multorum
745 3069 902 3133 senectuti
916 3076 1066 3156 exemplo

105 3172 175 3214 esse
202 3156 314 3234 possit.
364 3154 426 3217 Vel
456 3153 507 3215 his
535 3155 751 3237 superioribus
778 3156 958 3241 mensibuS,
992 3181 1067 3225 cum

107 3237 147 3301 ad
174 3237 217 3302 M.
241 3239 377 3303 Antonii
399 3239 572 3324 Trivisani‚
599 3243 752 3327 principis
777 3244 904 3328 optimi,
931 3250 1066 3331 propin-

106 3327 161 3413 qui
182 3327 245 3409 tui,
270 3326 449 3408 luctuosam
479 3326 573 3393 bonis
596 3331 745 3396 omnibus
772 3335 909 3397 mortem
935 3333 1067 3400 funebri

105 3416 288 3481 laudatione
309 3412 544 3479 honestandam
566 3439 649 3481 unus
672 3439 711 3482 ex
734 3420 822 3484 omni
838 3418 984 3484 Venetae
1008 3446 1067 3488 no-

106 3505 241 3570 bilitatis
268 3502 344 3568 flore
373 3500 513 3568 delectus
537 3526 585 3569 cs:
615 3509 748 3591 quanta,
777 3507 871 3572 deum
897 3507 1067 3576 immorta-
