2332 3824
97 186 163 251 216
447 181 655 239 PRAEFATIO
674 182 708 238 V.

98 330 127 395 si
154 329 236 413 sola,
267 331 304 393 ut
334 327 428 393 initio
460 326 538 410 dixi,
569 324 787 410 praemiorum
822 328 1058 410 exspectatione

99 417 254 502 praeclari
280 417 341 482 viri
369 415 409 481 ad
439 415 590 479 virtutem
623 416 655 478 et
684 413 726 477 ad
753 414 934 479 iuvandum
963 437 1057 501 genus

98 506 266 572 hominum
293 505 536 586 adducerentur,
562 501 655 565 multi
682 501 753 564 sine
781 501 895 585 dubio,
924 504 1058 588 cognitis

100 595 235 659 aliorum
259 593 397 673 casibus,
421 612 441 654 a
462 591 628 674 proposito
651 589 896 655 abducerentur.

167 679 229 747 Sed
252 684 302 745 est
322 679 479 762 profecto,
502 677 678 761 Mocenice,
700 679 751 741 est
773 678 880 743 maior
904 679 1058 763 quaedam

99 768 162 851 ris,
185 789 265 852 quae
287 766 348 831 tibi
370 788 407 831 ac
429 767 478 831 tui
500 766 658 832 similibus
687 765 883 848 persuadeat
910 767 1059 831 virtutem

100 877 167 921 non
187 855 284 919 modo
307 854 458 919 detractis
477 854 625 919 omnibus
643 853 808 937 praemiis,
830 855 1058 918 verumetiam

101 942 274 1027 propositis
299 943 447 1008 omnibus
471 941 634 1026 suppliciis
652 961 722 1005 esse
740 942 974 1026 expetendam,
997 943 1058 1026 pul·

102 1053 190 1096 crum
228 1053 297 1096 esse
330 1032 478 1095 adiuvare
510 1030 593 1094 cives
628 1051 716 1110 suos,
749 1031 783 1092 et
813 1050 930 1094 omnes
965 1052 1059 1112 curas,

102 1141 214 1185 omnes
246 1120 470 1204 cogitationes,
502 1139 613 1183 omnes
639 1116 766 1201 vigilias
798 1117 834 1180 in
866 1118 1060 1201 reipublicae

103 1209 205 1272 salute
219 1208 368 1291 defigere,
385 1207 509 1271 nullum
523 1207 590 1270 eius
604 1226 716 1270 caussa
729 1204 923 1289 periculum,
941 1207 1060 1270 nullam

104 1295 341 1357 dimicationem
375 1294 537 1377 defugere3
575 1294 659 1358 cives
695 1293 858 1357 beneficiis
898 1294 1008 1359 affecti
1036 1293 1061 1358 si

104 1381 180 1464 quid
202 1380 418 1466 praemiorum
440 1382 621 1465 retulerint,
644 1402 711 1446 non
731 1381 987 1464 repudiandum:
1016 1382 1061 1446 sin

103 1491 218 1552 parum
241 1469 325 1556 grati
351 1491 527 1556 parumque
550 1490 708 1534 memores
734 1468 868 1551 fuerint,
898 1470 979 1553 quid
1006 1491 1062 1534 nos

105 1557 240 1642 denique
272 1558 477 1642 reipublicae,
508 1580 575 1623 non
606 1557 683 1642 quid
710 1557 766 1620 alii
791 1556 888 1621 nobis
917 1557 1063 1639 debeant,

106 1645 321 1728 cogitandum.
349 1645 450 1730 Saepe
469 1647 554 1710 enim
577 1667 616 1709 ex
637 1648 671 1709 te
693 1644 813 1724 audivi,
835 1666 911 1709 cum
935 1646 1064 1727 diceres,

107 1728 267 1817 gratulari
287 1737 319 1799 te
347 1734 421 1816 tibi,
447 1736 480 1798 et
505 1753 658 1818 magnam
686 1733 825 1818 gratiam
851 1732 971 1796 debere
1000 1755 1063 1799 om·

106 1822 196 1886 nium
219 1843 325 1886 rerum
346 1822 540 1887 moderatori
562 1821 645 1905 Deo,
673 1821 758 1905 quod
781 1841 819 1884 ea
841 1820 877 1884 in
899 1821 1066 1904 republica

107 1913 203 1975 natus
226 1931 324 1993 esses,
346 1911 382 1974 in
404 1932 468 1994 qua
484 1910 658 1974 verendum
676 1929 743 1973 non
761 1911 858 1990 esset,
879 1915 952 1972 non
969 1910 1066 1974 modo

107 2019 148 2061 ne
180 1999 350 2082 quisquam
382 1998 423 2064 ob
454 1998 605 2064 virtutem
636 1998 670 2060 in
700 1996 855 2060 invidiam
886 2001 1066 2078 vocaretur,

110 2086 165 2150 sed
186 2108 227 2149 ne
250 2087 301 2149 vel
326 2086 469 2150 minimis
496 2085 531 2151 in
557 2084 788 2169 rempublicam
814 2084 980 2150 beneficiis
1010 2107 1067 2149 sua

108 2175 252 2256 praemia
278 2174 525 2258 denegarentur3
553 2174 609 2238 sed
635 2176 745 2237 tamen
772 2172 801 2237 si
831 2171 970 2238 vixisses
1003 2175 1067 2238 illis

109 2262 322 2345 temporibus,
353 2265 386 2326 et
417 2263 580 2345 optionem
606 2262 668 2326 tibi
693 2260 780 2325 Deus
807 2260 950 2343 tulisset,
979 2261 1067 2328 Cice·

110 2349 197 2411 ronis
224 2350 388 2414 fortunam
416 2350 457 2414 ab
488 2351 566 2413 urbe
599 2352 786 2415 conservata
813 2349 976 2415 exulantis
1004 2351 1067 2415 for-

110 2438 207 2498 tunae
231 2434 390 2521 Caesaris,
416 2438 452 2501 in
479 2438 589 2501 eadem
613 2459 766 2520 oppressa
788 2437 988 2504 dominantis
1013 2461 1067 2503 an·

110 2523 323 2606 tepositurum
354 2525 461 2589 fuisse.
505 2523 555 2588 Ac
585 2525 680 2607 plane
712 2526 759 2590 ita
790 2528 852 2607 est,
883 2529 920 2589 ut
953 2526 1068 2592 dicam.

113 2609 260 2674 Gratuita
281 2633 425 2693 prorsus,
447 2633 515 2676 non
535 2613 731 2677 mercenaria
753 2616 803 2677 est
823 2613 939 2697 virtus,
962 2635 1069 2699 neque

112 2699 327 2783 praemiorum
353 2700 550 2766 mercedibus
577 2700 618 2765 ad
644 2704 728 2765 recte
756 2702 916 2786 agendum
941 2702 1070 2768 excelso

112 2791 260 2856 homines
278 2790 421 2878 ingenio,
445 2792 500 2856 sed
517 2791 589 2876 ipsa
607 2790 763 2875 dignitate
782 2793 877 2873 atque
895 2789 1069 2855 honestate

114 2880 286 2965 ducuntur3
315 2884 370 2946 aut
397 2881 425 2946 si
452 2881 580 2965 quando
609 2880 647 2944 de
674 2878 781 2962 aliquo
808 2877 952 2960 praemio
982 2879 1068 2962 cogi·

114 2971 198 3050 tant,
226 2969 264 3032 de
292 2970 395 3052 gloria
422 2969 522 3049 deque
548 2967 789 3032 immortalitate
816 2965 958 3029 nominis
983 2966 1068 3050 cogi·

113 3057 199 3135 tant,
226 3056 314 3118 cuius
343 3054 510 3137 splendore
533 3054 619 3134 capti
641 3058 674 3118 et
694 3053 830 3137 incensi,
853 3054 963 3117 omnia
987 3074 1069 3139 quae

115 3160 240 3219 aspera,
263 3143 412 3222 molesta,
434 3138 574 3202 difficilia
595 3162 761 3225 perpessu,
787 3141 982 3223 impatibilia
1004 3162 1069 3206 cre·

115 3226 246 3306 duntur,
281 3227 333 3290 vel
363 3250 430 3292 non
466 3225 610 3290 sentiunt
640 3230 691 3293 vel
726 3229 902 3312 despicatui
938 3229 1069 3295 ducunt

115 3311 227 3398 Neque
253 3333 328 3376 vero
351 3312 394 3377 M.
417 3312 554 3395 Tullius,
582 3336 653 3381 curn
681 3316 719 3381 de
746 3316 919 3382 coniuratis
948 3319 1069 3402 suppli-

116 3404 200 3469 cium
215 3402 365 3483 sumeret,
382 3422 450 3479 non
467 3400 532 3463 iarn
550 3404 620 3469 turn
639 3404 832 3488 cogitatione
850 3405 1071 3489 praecipiebat

117 3514 171 3556 eas
201 3491 421 3576 tempestates,
456 3487 571 3574 quibus
602 3496 715 3576 postea
749 3495 882 3557 vexatus
914 3497 978 3577 est,
1015 3494 1071 3560 sed
