2332 3824
115 190 177 256 148
483 186 621 244 ORATIO
640 186 700 242 XV.

114 335 177 400 hoc
203 337 349 418 tempore
377 331 554 418 gerendum
580 331 679 415 foret,
706 329 905 396 deliberavit.
943 330 993 397 Ut
1020 332 1083 418 igi·

114 427 170 489 tur
191 423 348 507 medicus,
375 421 431 505 qui
452 419 563 484 multis
586 418 727 504 aegrotis
755 418 929 503 adsederit,
958 421 1083 486 multos

117 511 290 594 curaverit,
318 509 427 574 multis
456 507 607 573 arteriam
634 506 861 592 exploraverit,
887 528 1009 572 venam
1034 531 1083 574 se·

116 600 233 683 cuerit,
272 597 507 663 medicamenta
545 595 723 680 miscuerit,
759 595 836 679 quid
873 616 911 660 ex
950 618 1082 682 quoque

117 688 259 752 accidere
282 686 397 768 soleat,
420 684 594 768 notaverit,
616 704 712 768 saepe
735 684 776 748 ad
794 683 992 748 medendum
1016 686 1081 750 uti·

116 775 179 840 lior
200 777 250 839 est
271 795 319 857 eo,
342 773 397 857 qui
420 773 574 839 maiorem
597 771 727 857 quidem
748 792 857 836 rerum
879 772 1081 838 medicarum

117 862 286 927 scientim
313 882 352 925 ex
377 859 586 945 Hippocratis
618 860 710 925 libris
740 859 898 944 hauserit,
931 861 990 925 sed
1023 862 1081 926 illa

117 949 303 1034 cognitione
327 952 499 1015 contentus
522 969 689 1032 nunquam
711 947 854 1014 hominis
877 950 1005 1032 aegroti
1034 951 1079 1015 lo-

117 1037 199 1103 tium
232 1039 403 1122 aspexerit:
436 1037 481 1102 sic
509 1037 550 1101 ad
582 1036 830 1101 consultandum
861 1037 991 1122 melior,
1024 1039 1080 1122 qui

118 1127 222 1192 multa
249 1127 392 1192 eiusdem
418 1125 546 1210 generis
577 1124 756 1210 singularia
781 1124 817 1188 in
843 1123 990 1190 historiis
1025 1127 1079 1191 ad-

118 1214 222 1280 hibito
250 1215 367 1280 iudicio
395 1212 569 1296 notaverit,
596 1234 694 1296 quam
721 1212 839 1297 quiex
865 1213 1078 1298 philosopho-

118 1324 191 1366 rum
213 1302 340 1384 scriptis
363 1301 546 1365 communia
569 1301 727 1383 quaedam
748 1300 877 1366 vivendi
903 1307 1080 1387 praecepta

118 1389 315 1474 cognoverit
355 1386 542 1471 Optandum
573 1389 702 1471 quidem
733 1391 795 1471 est,
830 1391 869 1453 ut
903 1392 1078 1475 utrumque

120 1476 217 1559 adsit3
244 1477 301 1541 sed
327 1476 355 1542 si
382 1477 537 1541 alterutro
565 1477 738 1541 carendum
765 1476 821 1561 sit,
848 1478 961 1542 malim
984 1500 1078 1563 expe-

119 1565 256 1629 rientem
278 1568 312 1630 ct
333 1565 541 1630 exercitatum
561 1564 727 1630 hominem
749 1564 818 1630 sine
836 1565 905 1630 ulla
925 1566 1079 1632 universa

120 1652 305 1737 cognitione
331 1654 432 1719 totius
459 1653 599 1738 generis,
631 1674 728 1737 quam
759 1653 882 1718 erudite
914 1656 949 1718 et
979 1656 1077 1720 subli-

120 1741 215 1805 miter
237 1740 276 1804 de
299 1741 449 1808 universo
473 1762 590 1826 genere
613 1741 799 1825 disputandi
821 1742 976 1827 peritum,
999 1766 1077 1809 usus

121 1832 154 1893 et
171 1829 407 1895 exercitationis
426 1832 596 1914 expertem.
626 1828 723 1894 Hunc
740 1829 776 1894 in
794 1829 906 1895 schola
922 1830 1077 1897 libentius

121 1918 247 2003 audias,
268 1918 361 1984 illum
383 1918 494 1983 utilius
516 1919 552 1982 in
573 1917 744 1984 consilium
766 1918 930 1984 adhibeas.

188 2003 250 2071 Sed
282 2006 321 2071 de
351 2007 491 2071 utilitate
521 2006 676 2072 historiae
703 2010 736 2071 et
762 2006 952 2072 dictasunt
979 2030 1000 2072 a
1025 2030 1077 2073 me

122 2093 202 2160 alias
234 2095 337 2159 multa
368 2098 401 2159 et
431 2095 590 2177 dicentum
622 2098 655 2159 et
682 2115 755 2159 cum
782 2116 992 2180 quaecunque
1019 2119 1076 2181 po·
1165 2144 1166 2147 ,

121 2186 214 2249 tuero
255 2183 376 2266 dixero,
416 2203 542 2267 semper
581 2184 691 2246 tamen
730 2182 833 2247 multa
873 2189 1075 2267 supererunt.

121 2269 251 2344 Quanto
279 2273 387 2334 autem
412 2270 552 2354 populus
578 2270 745 2335 Romanus
777 2270 891 2335 ceteris
924 2273 1076 2356 gentibus

121 2356 248 2439 imperii
273 2357 497 2441 magnitudine
523 2358 697 2441 praestitit,
728 2361 822 2423 tanto
854 2358 992 2424 historia
1018 2382 1074 2444 po·

121 2444 190 2527 puli
211 2444 351 2508 Romani
374 2448 551 2509 ceterarum
574 2445 719 2529 gentium
741 2444 885 2511 historiis
903 2449 1077 2513 antecellit.

121 2530 250 2596 Nullius
286 2532 399 2616 populi
435 2532 621 2596 obscuriora
656 2534 689 2596 et
723 2534 873 2599 tenuiora
907 2536 1077 2620 principia,

122 2620 241 2684 nullius
282 2619 535 2684 admirabiliores
574 2640 778 2705 progressus,
822 2623 942 2687 nullius
982 2626 1079 2688 tanta

122 2709 286 2793 maiestas,
318 2711 412 2773 tanta
437 2708 473 2773 in
499 2710 662 2794 prosperis
693 2711 788 2775 rebus
820 2710 1011 2796 moderatio,
1042 2711 1079 2776 in

123 2797 265 2863 adversis
297 2798 396 2864 animi
427 2799 630 2885 magnitudo,
666 2820 825 2882 nusquam
857 2802 890 2863 et
919 2799 1079 2865 virtutum

124 2891 157 2951 et
183 2888 336 2955 vitiorum
363 2889 468 2954 omnis
495 2889 621 2974 generis
650 2890 706 2952 aut
731 2887 825 2972 plura
851 2887 998 2970 exempla
1021 2892 1080 2953 aut

122 2975 308 3043 illustriora.
345 2977 467 3054 Quodsi
488 2977 579 3041 nulla
601 2997 681 3059 gens
705 2979 754 3040 est
775 2996 876 3059 usque
903 2996 940 3039 eo
963 2975 1078 3039 imma-

122 3062 174 3123 nis
199 3085 236 3126 ac
257 3066 408 3146 barbara,
431 3083 512 3147 quae
535 3084 602 3125 non
624 3062 659 3125 in
677 3064 773 3128 rebus
796 3063 895 3148 gestis
914 3063 1078 3129 Romano·

123 3166 195 3208 rum
222 3151 455 3231 cognoscendis
481 3148 656 3231 plurimum
684 3172 799 3235 operae
827 3172 865 3215 ac
892 3151 990 3216 studii
1013 3153 1079 3217 col·

122 3232 220 3296 locet:
244 3235 321 3314 quid
342 3257 403 3300 nos
425 3236 530 3299 facere
553 3239 694 3321 oportet,
718 3240 772 3322 qui
790 3239 912 3304 Romae
930 3240 1079 3326 vivimus,

125 3319 179 3404 qui
211 3341 227 3383 e
254 3319 402 3386 Romano
430 3322 518 3387 caelo
546 3324 694 3407 spiritum
726 3326 883 3410 ducimus,
916 3328 970 3411 qui
1001 3333 1080 3412 post

124 3412 176 3476 tot
198 3408 343 3491 acceptas
371 3409 490 3494 clades,
516 3414 567 3477 tot
593 3413 805 3496 calamitates,
832 3416 883 3478 tot
909 3418 1035 3500 strages
1059 3440 1079 3481 a

124 3496 355 3564 bacchantibus
391 3496 550 3585 barbaris,
588 3504 627 3564 ut
661 3523 682 3564 a
716 3501 939 3585 petulantibus
976 3506 1078 3570 servis
