<?xml version="1.0" encoding="UTF-8"?>
<!DOCTYPE html PUBLIC "-//W3C//DTD XHTML 1.0 Transitional//EN"
    "http://www.w3.org/TR/xhtml1/DTD/xhtml1-transitional.dtd">
<html xmlns="http://www.w3.org/1999/xhtml" xml:lang="en" lang="en">
 <head>
  <title>
</title>
<meta http-equiv="Content-Type" content="text/html;charset=utf-8" />
  <meta name='ocr-system' content='tesseract 3.04.00' />
  <meta name='ocr-capabilities' content='ocr_page ocr_carea ocr_par ocr_line ocrx_word'/>
</head>
<body>
  <div class='ocr_page' id='page_1' title='image "./scriptaselecta00muregoog_0115.png"; bbox 0 0 2332 3824; ppageno 0'>
   <div class='ocr_carea' id='block_1_1' title="bbox 99 163 671 233">
    <p class='ocr_par' dir='ltr' id='par_1_1' title="bbox 99 163 671 233">
     <span class='ocr_line' id='line_1_1' title="bbox 99 163 671 233; baseline 0 -13"><span class='ocrx_word' id='word_1_1' title='bbox 99 169 162 233; x_wconf 84' lang='lat'><strong>100</strong></span> <span class='ocrx_word' id='word_1_2' title='bbox 482 163 617 221; x_wconf 70' lang='lat' dir='ltr'><strong>oacrio</strong></span> <span class='ocrx_word' id='word_1_3' title='bbox 636 164 671 221; x_wconf 82' lang='lat' dir='ltr'><strong>x.</strong></span> 
     </span>
    </p>
   </div>
   <div class='ocr_carea' id='block_1_2' title="bbox 98 307 1073 3578">
    <p class='ocr_par' dir='ltr' id='par_1_2' title="bbox 98 307 1073 3578">
     <span class='ocr_line' id='line_1_2' title="bbox 98 307 1066 396; baseline 0.001 -16"><span class='ocrx_word' id='word_1_4' title='bbox 98 314 169 380; x_wconf 89' lang='lat' dir='ltr'><strong>silio</strong></span> <span class='ocrx_word' id='word_1_5' title='bbox 204 334 242 378; x_wconf 90' lang='lat' dir='ltr'><strong>ac</strong></span> <span class='ocrx_word' id='word_1_6' title='bbox 273 313 440 378; x_wconf 88' lang='lat' dir='ltr'><strong>voluntate</strong></span> <span class='ocrx_word' id='word_1_7' title='bbox 470 312 644 396; x_wconf 82' lang='lat' dir='ltr'><strong>regeretur.</strong></span> <span class='ocrx_word' id='word_1_8' title='bbox 689 307 816 374; x_wconf 84' lang='lat' dir='ltr'>Rursus</span> <span class='ocrx_word' id='word_1_9' title='bbox 850 314 970 378; x_wconf 86' lang='lat' dir='ltr'><strong>autem</strong></span> <span class='ocrx_word' id='word_1_10' title='bbox 997 335 1066 380; x_wconf 88' lang='lat' dir='ltr'><strong>cum</strong></span> 
     </span>
     <span class='ocr_line' id='line_1_3' title="bbox 98 398 1065 487; baseline -0.001 -18"><span class='ocrx_word' id='word_1_11' title='bbox 98 425 223 487; x_wconf 91' lang='lat' dir='ltr'><strong>eorum,</strong></span> <span class='ocrx_word' id='word_1_12' title='bbox 246 423 328 486; x_wconf 92' lang='lat' dir='ltr'><strong>quae</strong></span> <span class='ocrx_word' id='word_1_13' title='bbox 346 400 432 464; x_wconf 84' lang='lat' dir='ltr'><strong>infra</strong></span> <span class='ocrx_word' id='word_1_14' title='bbox 448 399 546 464; x_wconf 89' lang='lat' dir='ltr'><strong>lunae</strong></span> <span class='ocrx_word' id='word_1_15' title='bbox 564 398 677 463; x_wconf 89' lang='lat' dir='ltr'><strong>orbem</strong></span> <span class='ocrx_word' id='word_1_16' title='bbox 694 400 785 483; x_wconf 90' lang='lat' dir='ltr'><strong>sunt,</strong></span> <span class='ocrx_word' id='word_1_17' title='bbox 803 399 1065 468; x_wconf 65' lang='lat' dir='ltr'><strong>inconstantiam</strong></span> 
     </span>
     <span class='ocr_line' id='line_1_4' title="bbox 99 485 1064 570; baseline 0 -13"><span class='ocrx_word' id='word_1_18' title='bbox 99 512 137 557; x_wconf 89' lang='lat' dir='ltr'><strong>ac</strong></span> <span class='ocrx_word' id='word_1_19' title='bbox 164 490 414 556; x_wconf 78' lang='lat' dir='ltr'>mutabilitatem</span> <span class='ocrx_word' id='word_1_20' title='bbox 441 486 598 570; x_wconf 87' lang='lat' dir='ltr'><strong>viderent,</strong></span> <span class='ocrx_word' id='word_1_21' title='bbox 625 485 708 550; x_wconf 91' lang='lat' dir='ltr'><strong>nihil</strong></span> <span class='ocrx_word' id='word_1_22' title='bbox 735 486 771 550; x_wconf 94' lang='lat' dir='ltr'><strong>in</strong></span> <span class='ocrx_word' id='word_1_23' title='bbox 794 487 842 552; x_wconf 90' lang='lat' dir='ltr'><strong>eis</strong></span> <span class='ocrx_word' id='word_1_24' title='bbox 866 489 981 556; x_wconf 87' lang='lat' dir='ltr'><strong>inesse</strong></span> <span class='ocrx_word' id='word_1_25' title='bbox 1004 513 1064 556; x_wconf 90' lang='lat' dir='ltr'><strong>cer·</strong></span> 
     </span>
     <span class='ocr_line' id='line_1_5' title="bbox 98 574 1063 663; baseline 0 -18"><span class='ocrx_word' id='word_1_26' title='bbox 98 584 182 663; x_wconf 91' lang='lat' dir='ltr'><strong>tum,</strong></span> <span class='ocrx_word' id='word_1_27' title='bbox 204 577 287 643; x_wconf 93' lang='lat' dir='ltr'><strong>nihil</strong></span> <span class='ocrx_word' id='word_1_28' title='bbox 309 579 513 661; x_wconf 87' lang='lat' dir='ltr'><strong>perpetuum,</strong></span> <span class='ocrx_word' id='word_1_29' title='bbox 541 574 623 639; x_wconf 88' lang='lat' dir='ltr'><strong>nihil</strong></span> <span class='ocrx_word' id='word_1_30' title='bbox 650 578 820 661; x_wconf 77' lang='lat' dir='ltr'><strong>constans,</strong></span> <span class='ocrx_word' id='word_1_31' title='bbox 849 598 892 642; x_wconf 93' lang='lat' dir='ltr'><strong>eo</strong></span> <span class='ocrx_word' id='word_1_32' title='bbox 917 580 1063 662; x_wconf 78' lang='lat' dir='ltr'><strong>prolabe</strong></span> 
     </span>
     <span class='ocr_line' id='line_1_6' title="bbox 99 662 1062 748; baseline 0 -16"><span class='ocrx_word' id='word_1_33' title='bbox 99 669 219 732; x_wconf 86' lang='lat' dir='ltr'>bantur</span> <span class='ocrx_word' id='word_1_34' title='bbox 253 665 442 748; x_wconf 88' lang='lat' dir='ltr'><strong>impietatis,</strong></span> <span class='ocrx_word' id='word_1_35' title='bbox 478 667 517 729; x_wconf 91' lang='lat' dir='ltr'><strong>ut</strong></span> <span class='ocrx_word' id='word_1_36' title='bbox 551 662 670 748; x_wconf 87' lang='lat' dir='ltr'><strong>partim</strong></span> <span class='ocrx_word' id='word_1_37' title='bbox 705 685 747 727; x_wconf 84' lang='lat' dir='ltr'><strong>cx</strong></span> <span class='ocrx_word' id='word_1_38' title='bbox 777 665 936 731; x_wconf 88' lang='lat' dir='ltr'><strong>omnibus</strong></span> <span class='ocrx_word' id='word_1_39' title='bbox 970 668 1062 734; x_wconf 84' lang='lat' dir='ltr'><strong>rebus</strong></span> 
     </span>
     <span class='ocr_line' id='line_1_7' title="bbox 99 752 1062 841; baseline 0.003 -22"><span class='ocrx_word' id='word_1_40' title='bbox 99 756 242 819; x_wconf 84' lang='lat' dir='ltr'><strong>divinam</strong></span> <span class='ocrx_word' id='word_1_41' title='bbox 263 752 501 836; x_wconf 86' lang='lat' dir='ltr'><strong>providentiam</strong></span> <span class='ocrx_word' id='word_1_42' title='bbox 522 753 687 833; x_wconf 88' lang='lat' dir='ltr'><strong>tollerent,</strong></span> <span class='ocrx_word' id='word_1_43' title='bbox 710 752 832 834; x_wconf 87' lang='lat' dir='ltr'><strong>partim</strong></span> <span class='ocrx_word' id='word_1_44' title='bbox 850 774 977 839; x_wconf 83' lang='lat' dir='ltr'><strong>supera</strong></span> <span class='ocrx_word' id='word_1_45' title='bbox 1000 758 1062 841; x_wconf 90' lang='lat' dir='ltr'><strong>qui·</strong></span> 
     </span>
     <span class='ocr_line' id='line_1_8' title="bbox 100 839 1062 924; baseline 0.003 -17"><span class='ocrx_word' id='word_1_46' title='bbox 100 843 172 907; x_wconf 91' lang='lat' dir='ltr'><strong>dem</strong></span> <span class='ocrx_word' id='word_1_47' title='bbox 191 863 229 906; x_wconf 89' lang='lat' dir='ltr'><strong>ac</strong></span> <span class='ocrx_word' id='word_1_48' title='bbox 247 841 399 907; x_wconf 90' lang='lat' dir='ltr'><strong>coelestia</strong></span> <span class='ocrx_word' id='word_1_49' title='bbox 416 844 525 905; x_wconf 89' lang='lat' dir='ltr'><strong>mente</strong></span> <span class='ocrx_word' id='word_1_50' title='bbox 543 861 581 905; x_wconf 91' lang='lat' dir='ltr'><strong>ac</strong></span> <span class='ocrx_word' id='word_1_51' title='bbox 599 839 734 905; x_wconf 90' lang='lat' dir='ltr'><strong>consilio</strong></span> <span class='ocrx_word' id='word_1_52' title='bbox 748 841 832 924; x_wconf 83' lang='lat' dir='ltr'><strong>regi,</strong></span> <span class='ocrx_word' id='word_1_53' title='bbox 851 840 938 908; x_wconf 81' lang='lat' dir='ltr'><strong>haec</strong></span> <span class='ocrx_word' id='word_1_54' title='bbox 956 847 1062 910; x_wconf 87' lang='lat' dir='ltr'><strong>autem</strong></span> 
     </span>
     <span class='ocr_line' id='line_1_9' title="bbox 98 928 1061 998; baseline 0.004 -4"><span class='ocrx_word' id='word_1_55' title='bbox 98 930 253 995; x_wconf 75' lang='lat' dir='ltr'><strong>interime</strong></span> <span class='ocrx_word' id='word_1_56' title='bbox 276 930 344 994; x_wconf 88' lang='lat' dir='ltr'><strong>sine</strong></span> <span class='ocrx_word' id='word_1_57' title='bbox 366 930 433 995; x_wconf 91' lang='lat' dir='ltr'><strong>ullo</strong></span> <span class='ocrx_word' id='word_1_58' title='bbox 455 932 580 994; x_wconf 88' lang='lat' dir='ltr'><strong>rectore</strong></span> <span class='ocrx_word' id='word_1_59' title='bbox 601 928 733 992; x_wconf 87' lang='lat' dir='ltr'><strong>incertis</strong></span> <span class='ocrx_word' id='word_1_60' title='bbox 755 928 912 995; x_wconf 73' lang='lat' dir='ltr'><strong>fortunae</strong></span> <span class='ocrx_word' id='word_1_61' title='bbox 937 933 1061 998; x_wconf 86' lang='lat' dir='ltr'><strong>casibus</strong></span> 
     </span>
     <span class='ocr_line' id='line_1_10' title="bbox 100 1015 1060 1104; baseline 0 -20"><span class='ocrx_word' id='word_1_62' title='bbox 100 1020 218 1104; x_wconf 84' lang='lat' dir='ltr'><strong>agitari</strong></span> <span class='ocrx_word' id='word_1_63' title='bbox 237 1019 466 1084; x_wconf 87' lang='lat' dir='ltr'><strong>existimarent.</strong></span> <span class='ocrx_word' id='word_1_64' title='bbox 494 1015 556 1082; x_wconf 86' lang='lat' dir='ltr'><strong>Sed</strong></span> <span class='ocrx_word' id='word_1_65' title='bbox 575 1037 647 1082; x_wconf 90' lang='lat' dir='ltr'><strong>cum</strong></span> <span class='ocrx_word' id='word_1_66' title='bbox 666 1018 699 1080; x_wconf 90' lang='lat' dir='ltr'><strong>et</strong></span> <span class='ocrx_word' id='word_1_67' title='bbox 716 1016 842 1081; x_wconf 80' lang='lat' dir='ltr'><strong>diemm</strong></span> <span class='ocrx_word' id='word_1_68' title='bbox 856 1039 897 1082; x_wconf 87' lang='lat' dir='ltr'><strong>ac</strong></span> <span class='ocrx_word' id='word_1_69' title='bbox 917 1022 1060 1086; x_wconf 90' lang='lat' dir='ltr'><strong>noctium</strong></span> 
     </span>
     <span class='ocr_line' id='line_1_11' title="bbox 99 1104 1061 1194; baseline 0 -19"><span class='ocrx_word' id='word_1_70' title='bbox 99 1108 354 1175; x_wconf 82' lang='lat' dir='ltr'><strong>vicissitudinem</strong></span> <span class='ocrx_word' id='word_1_71' title='bbox 390 1111 423 1172; x_wconf 91' lang='lat' dir='ltr'><strong>et</strong></span> <span class='ocrx_word' id='word_1_72' title='bbox 459 1104 724 1190; x_wconf 77' lang='lat' dir='ltr'><strong>quadripertitam</strong></span> <span class='ocrx_word' id='word_1_73' title='bbox 760 1105 840 1170; x_wconf 89' lang='lat' dir='ltr'><strong>amni</strong></span> <span class='ocrx_word' id='word_1_74' title='bbox 875 1109 1061 1194; x_wconf 90' lang='lat' dir='ltr'><strong>temporum</strong></span> 
     </span>
     <span class='ocr_line' id='line_1_12' title="bbox 99 1193 1061 1264; baseline -0.002 -2"><span class='ocrx_word' id='word_1_75' title='bbox 99 1198 289 1264; x_wconf 85' lang='lat' dir='ltr'><strong>uarietatem</strong></span> <span class='ocrx_word' id='word_1_76' title='bbox 317 1198 350 1259; x_wconf 91' lang='lat' dir='ltr'><strong>et</strong></span> <span class='ocrx_word' id='word_1_77' title='bbox 377 1196 464 1258; x_wconf 88' lang='lat' dir='ltr'><strong>certa</strong></span> <span class='ocrx_word' id='word_1_78' title='bbox 490 1197 561 1258; x_wconf 89' lang='lat' dir='ltr'><strong>tum</strong></span> <span class='ocrx_word' id='word_1_79' title='bbox 592 1193 715 1258; x_wconf 89' lang='lat' dir='ltr'><strong>dierum</strong></span> <span class='ocrx_word' id='word_1_80' title='bbox 746 1196 818 1258; x_wconf 88' lang='lat' dir='ltr'><strong>tum</strong></span> <span class='ocrx_word' id='word_1_81' title='bbox 850 1198 1003 1262; x_wconf 86' lang='lat' dir='ltr'><strong>noctium</strong></span> <span class='ocrx_word' id='word_1_82' title='bbox 1032 1200 1061 1261; x_wconf 90' lang='lat' dir='ltr'><strong>et</strong></span> 
     </span>
     <span class='ocr_line' id='line_1_13' title="bbox 99 1281 1060 1350; baseline 0.002 -2"><span class='ocrx_word' id='word_1_83' title='bbox 99 1286 299 1348; x_wconf 90' lang='lat' dir='ltr'><strong>incrementa</strong></span> <span class='ocrx_word' id='word_1_84' title='bbox 317 1285 350 1346; x_wconf 92' lang='lat' dir='ltr'><strong>et</strong></span> <span class='ocrx_word' id='word_1_85' title='bbox 367 1282 568 1347; x_wconf 82' lang='lat' dir='ltr'><strong>decessiones</strong></span> <span class='ocrx_word' id='word_1_86' title='bbox 587 1285 619 1346; x_wconf 91' lang='lat' dir='ltr'><strong>et</strong></span> <span class='ocrx_word' id='word_1_87' title='bbox 641 1281 751 1347; x_wconf 87' lang='lat' dir='ltr'><strong>omnia</strong></span> <span class='ocrx_word' id='word_1_88' title='bbox 771 1281 929 1348; x_wconf 88' lang='lat' dir='ltr'><strong>humanis</strong></span> <span class='ocrx_word' id='word_1_89' title='bbox 952 1286 1060 1350; x_wconf 87' lang='lat' dir='ltr'><strong>usibus</strong></span> 
     </span>
     <span class='ocr_line' id='line_1_14' title="bbox 100 1369 1059 1458; baseline 0.001 -22"><span class='ocrx_word' id='word_1_90' title='bbox 100 1371 273 1437; x_wconf 78' lang='lat' dir='ltr'><strong>seruientia</strong></span> <span class='ocrx_word' id='word_1_91' title='bbox 296 1370 455 1455; x_wconf 86' lang='lat' dir='ltr'><strong>viderent,</strong></span> <span class='ocrx_word' id='word_1_92' title='bbox 476 1370 655 1435; x_wconf 80' lang='lat' dir='ltr'><strong>haerebant</strong></span> <span class='ocrx_word' id='word_1_93' title='bbox 677 1369 823 1454; x_wconf 86' lang='lat' dir='ltr'><strong>attoniti,</strong></span> <span class='ocrx_word' id='word_1_94' title='bbox 850 1374 890 1435; x_wconf 91' lang='lat' dir='ltr'><strong>ut</strong></span> <span class='ocrx_word' id='word_1_95' title='bbox 913 1375 974 1457; x_wconf 93' lang='lat' dir='ltr'><strong>qui</strong></span> <span class='ocrx_word' id='word_1_96' title='bbox 995 1395 1059 1458; x_wconf 87' lang='lat' dir='ltr'><strong>per·</strong></span> 
     </span>
     <span class='ocr_line' id='line_1_15' title="bbox 101 1458 1059 1545; baseline 0.002 -20"><span class='ocrx_word' id='word_1_97' title='bbox 101 1461 261 1545; x_wconf 87' lang='lat' dir='ltr'><strong>spicerent</strong></span> <span class='ocrx_word' id='word_1_98' title='bbox 286 1461 417 1524; x_wconf 88' lang='lat' dir='ltr'><strong>tantum</strong></span> <span class='ocrx_word' id='word_1_99' title='bbox 446 1461 573 1524; x_wconf 88' lang='lat' dir='ltr'><strong>ettam</strong></span> <span class='ocrx_word' id='word_1_100' title='bbox 606 1458 768 1542; x_wconf 86' lang='lat' dir='ltr'><strong>sapienter</strong></span> <span class='ocrx_word' id='word_1_101' title='bbox 793 1458 989 1526; x_wconf 89' lang='lat' dir='ltr'><strong>institutum</strong></span> <span class='ocrx_word' id='word_1_102' title='bbox 1015 1483 1059 1527; x_wconf 94' lang='lat' dir='ltr'><strong>or-</strong></span> 
     </span>
     <span class='ocr_line' id='line_1_16' title="bbox 101 1543 1060 1630; baseline 0.003 -17"><span class='ocrx_word' id='word_1_103' title='bbox 101 1550 209 1613; x_wconf 89' lang='lat' dir='ltr'><strong>dinem</strong></span> <span class='ocrx_word' id='word_1_104' title='bbox 231 1549 295 1614; x_wconf 90' lang='lat' dir='ltr'><strong>nisi</strong></span> <span class='ocrx_word' id='word_1_105' title='bbox 317 1571 337 1613; x_wconf 91' lang='lat' dir='ltr'><strong>a</strong></span> <span class='ocrx_word' id='word_1_106' title='bbox 358 1547 429 1613; x_wconf 89' lang='lat' dir='ltr'><strong>Deo</strong></span> <span class='ocrx_word' id='word_1_107' title='bbox 453 1569 522 1612; x_wconf 88' lang='lat' dir='ltr'><strong>esse</strong></span> <span class='ocrx_word' id='word_1_108' title='bbox 544 1568 612 1612; x_wconf 87' lang='lat' dir='ltr'><strong>non</strong></span> <span class='ocrx_word' id='word_1_109' title='bbox 634 1566 738 1630; x_wconf 86' lang='lat' dir='ltr'><strong>posse.</strong></span> <span class='ocrx_word' id='word_1_110' title='bbox 771 1543 1060 1615; x_wconf 79' lang='lat' dir='ltr'><strong>Conturbahantur</strong></span> 
     </span>
     <span class='ocr_line' id='line_1_17' title="bbox 100 1635 1061 1723; baseline 0.004 -24"><span class='ocrx_word' id='word_1_111' title='bbox 100 1640 211 1700; x_wconf 91' lang='lat' dir='ltr'><strong>tamen</strong></span> <span class='ocrx_word' id='word_1_112' title='bbox 242 1658 316 1701; x_wconf 91' lang='lat' dir='ltr'><strong>cum</strong></span> <span class='ocrx_word' id='word_1_113' title='bbox 350 1637 421 1701; x_wconf 87' lang='lat' dir='ltr'><strong>aliis</strong></span> <span class='ocrx_word' id='word_1_114' title='bbox 449 1635 662 1720; x_wconf 82' lang='lat' dir='ltr'><strong>argumentis,</strong></span> <span class='ocrx_word' id='word_1_115' title='bbox 687 1637 759 1699; x_wconf 88' lang='lat' dir='ltr'><strong>tum</strong></span> <span class='ocrx_word' id='word_1_116' title='bbox 785 1635 849 1700; x_wconf 90' lang='lat' dir='ltr'><strong>hoc</strong></span> <span class='ocrx_word' id='word_1_117' title='bbox 880 1639 1061 1723; x_wconf 79' lang='lat' dir='ltr'><strong>praecipue,</strong></span> 
     </span>
     <span class='ocr_line' id='line_1_18' title="bbox 101 1723 1060 1809; baseline 0.004 -21"><span class='ocrx_word' id='word_1_118' title='bbox 101 1723 188 1809; x_wconf 91' lang='lat' dir='ltr'><strong>quod</strong></span> <span class='ocrx_word' id='word_1_119' title='bbox 214 1724 249 1788; x_wconf 89' lang='lat' dir='ltr'><strong>in</strong></span> <span class='ocrx_word' id='word_1_120' title='bbox 276 1726 372 1789; x_wconf 86' lang='lat' dir='ltr'><strong>rebus</strong></span> <span class='ocrx_word' id='word_1_121' title='bbox 398 1724 549 1789; x_wconf 85' lang='lat' dir='ltr'><strong>humanis</strong></span> <span class='ocrx_word' id='word_1_122' title='bbox 570 1724 675 1787; x_wconf 90' lang='lat' dir='ltr'><strong>multa</strong></span> <span class='ocrx_word' id='word_1_123' title='bbox 696 1723 843 1787; x_wconf 83' lang='lat' dir='ltr'><strong>viderent</strong></span> <span class='ocrx_word' id='word_1_124' title='bbox 870 1746 967 1792; x_wconf 86' lang='lat' dir='ltr'><strong>secus</strong></span> <span class='ocrx_word' id='word_1_125' title='bbox 996 1749 1060 1791; x_wconf 86' lang='lat' dir='ltr'><strong>eve·</strong></span> 
     </span>
     <span class='ocr_line' id='line_1_19' title="bbox 101 1811 1061 1899; baseline 0.002 -20"><span class='ocrx_word' id='word_1_126' title='bbox 101 1815 185 1898; x_wconf 88' lang='lat' dir='ltr'><strong>nire,</strong></span> <span class='ocrx_word' id='word_1_127' title='bbox 207 1835 304 1899; x_wconf 90' lang='lat' dir='ltr'><strong>quam</strong></span> <span class='ocrx_word' id='word_1_128' title='bbox 326 1813 389 1898; x_wconf 90' lang='lat' dir='ltr'><strong>ipsi</strong></span> <span class='ocrx_word' id='word_1_129' title='bbox 412 1813 539 1878; x_wconf 84' lang='lat' dir='ltr'><strong>divinae</strong></span> <span class='ocrx_word' id='word_1_130' title='bbox 561 1812 739 1895; x_wconf 88' lang='lat' dir='ltr'><strong>sapientiae</strong></span> <span class='ocrx_word' id='word_1_131' title='bbox 761 1832 800 1876; x_wconf 88' lang='lat' dir='ltr'><strong>ac</strong></span> <span class='ocrx_word' id='word_1_132' title='bbox 821 1811 968 1879; x_wconf 87' lang='lat' dir='ltr'><strong>bonitati</strong></span> <span class='ocrx_word' id='word_1_133' title='bbox 991 1837 1061 1881; x_wconf 89' lang='lat' dir='ltr'><strong>con-</strong></span> 
     </span>
     <span class='ocr_line' id='line_1_20' title="bbox 102 1899 1062 1969; baseline 0.001 0"><span class='ocrx_word' id='word_1_134' title='bbox 102 1903 211 1969; x_wconf 86' lang='lat' dir='ltr'><strong>venire</strong></span> <span class='ocrx_word' id='word_1_135' title='bbox 254 1903 482 1968; x_wconf 80' lang='lat' dir='ltr'><strong>existimarent.</strong></span> <span class='ocrx_word' id='word_1_136' title='bbox 531 1899 663 1965; x_wconf 82' lang='lat' dir='ltr'><strong>Etenim</strong></span> <span class='ocrx_word' id='word_1_137' title='bbox 702 1900 751 1963; x_wconf 89' lang='lat' dir='ltr'><strong>ita</strong></span> <span class='ocrx_word' id='word_1_138' title='bbox 789 1901 998 1969; x_wconf 86' lang='lat' dir='ltr'><strong>statuebant:</strong></span> <span class='ocrx_word' id='word_1_139' title='bbox 1038 1904 1062 1969; x_wconf 85' lang='lat' dir='ltr'><strong>si</strong></span> 
     </span>
     <span class='ocr_line' id='line_1_21' title="bbox 101 1987 1063 2077; baseline 0.001 -21"><span class='ocrx_word' id='word_1_140' title='bbox 101 1991 318 2057; x_wconf 90' lang='lat' dir='ltr'><strong>humanarum</strong></span> <span class='ocrx_word' id='word_1_141' title='bbox 352 2012 460 2056; x_wconf 89' lang='lat' dir='ltr'><strong>rerum</strong></span> <span class='ocrx_word' id='word_1_142' title='bbox 495 1989 756 2073; x_wconf 86' lang='lat' dir='ltr'><strong>procurationem</strong></span> <span class='ocrx_word' id='word_1_143' title='bbox 790 1987 930 2054; x_wconf 88' lang='lat' dir='ltr'><strong>haberet</strong></span> <span class='ocrx_word' id='word_1_144' title='bbox 966 1991 1063 2077; x_wconf 88' lang='lat' dir='ltr'><strong>Deus,</strong></span> 
     </span>
     <span class='ocr_line' id='line_1_22' title="bbox 102 2077 1063 2166; baseline 0.001 -21"><span class='ocrx_word' id='word_1_145' title='bbox 102 2081 185 2166; x_wconf 85' lang='lat' dir='ltr'><strong>fore,</strong></span> <span class='ocrx_word' id='word_1_146' title='bbox 212 2084 250 2145; x_wconf 94' lang='lat' dir='ltr'><strong>ut</strong></span> <span class='ocrx_word' id='word_1_147' title='bbox 275 2080 369 2145; x_wconf 88' lang='lat' dir='ltr'><strong>bonis</strong></span> <span class='ocrx_word' id='word_1_148' title='bbox 394 2101 431 2144; x_wconf 90' lang='lat' dir='ltr'><strong>ac</strong></span> <span class='ocrx_word' id='word_1_149' title='bbox 458 2079 520 2163; x_wconf 89' lang='lat' dir='ltr'><strong>piis</strong></span> <span class='ocrx_word' id='word_1_150' title='bbox 544 2081 576 2142; x_wconf 91' lang='lat' dir='ltr'><strong>et</strong></span> <span class='ocrx_word' id='word_1_151' title='bbox 602 2077 744 2142; x_wconf 88' lang='lat' dir='ltr'><strong>iustitiae</strong></span> <span class='ocrx_word' id='word_1_152' title='bbox 772 2077 953 2144; x_wconf 87' lang='lat' dir='ltr'><strong>cultoribus</strong></span> <span class='ocrx_word' id='word_1_153' title='bbox 982 2080 1063 2145; x_wconf 90' lang='lat' dir='ltr'><strong>bene</strong></span> 
     </span>
     <span class='ocr_line' id='line_1_23' title="bbox 103 2163 1063 2253; baseline 0.004 -22"><span class='ocrx_word' id='word_1_154' title='bbox 103 2173 196 2251; x_wconf 89' lang='lat' dir='ltr'><strong>esset,</strong></span> <span class='ocrx_word' id='word_1_155' title='bbox 210 2169 312 2253; x_wconf 79' lang='lat' dir='ltr'><strong>melia,</strong></span> <span class='ocrx_word' id='word_1_156' title='bbox 325 2168 433 2251; x_wconf 88' lang='lat' dir='ltr'><strong>impiis</strong></span> <span class='ocrx_word' id='word_1_157' title='bbox 448 2172 480 2231; x_wconf 91' lang='lat' dir='ltr'><strong>et</strong></span> <span class='ocrx_word' id='word_1_158' title='bbox 492 2166 621 2231; x_wconf 90' lang='lat' dir='ltr'><strong>iniustis</strong></span> <span class='ocrx_word' id='word_1_159' title='bbox 635 2167 728 2230; x_wconf 88' lang='lat' dir='ltr'><strong>male.</strong></span> <span class='ocrx_word' id='word_1_160' title='bbox 750 2163 849 2229; x_wconf 86' lang='lat' dir='ltr'><strong>Nunc</strong></span> <span class='ocrx_word' id='word_1_161' title='bbox 861 2169 974 2231; x_wconf 87' lang='lat' dir='ltr'><strong>autem</strong></span> <span class='ocrx_word' id='word_1_162' title='bbox 990 2191 1063 2235; x_wconf 90' lang='lat' dir='ltr'><strong>con·</strong></span> 
     </span>
     <span class='ocr_line' id='line_1_24' title="bbox 102 2254 1065 2340; baseline 0.006 -23"><span class='ocrx_word' id='word_1_163' title='bbox 102 2259 155 2318; x_wconf 90' lang='lat' dir='ltr'><strong>tra</strong></span> <span class='ocrx_word' id='word_1_164' title='bbox 190 2255 355 2337; x_wconf 85' lang='lat' dir='ltr'><strong>videbant,</strong></span> <span class='ocrx_word' id='word_1_165' title='bbox 388 2255 527 2338; x_wconf 89' lang='lat' dir='ltr'><strong>optimos</strong></span> <span class='ocrx_word' id='word_1_166' title='bbox 564 2276 707 2338; x_wconf 88' lang='lat' dir='ltr'><strong>quosque</strong></span> <span class='ocrx_word' id='word_1_167' title='bbox 738 2254 928 2337; x_wconf 91' lang='lat' dir='ltr'><strong>plerumque</strong></span> <span class='ocrx_word' id='word_1_168' title='bbox 960 2258 1065 2340; x_wconf 90' lang='lat' dir='ltr'><strong>premi</strong></span> 
     </span>
     <span class='ocr_line' id='line_1_25' title="bbox 103 2341 1065 2429; baseline 0.006 -25"><span class='ocrx_word' id='word_1_169' title='bbox 103 2344 307 2426; x_wconf 89' lang='lat' dir='ltr'><strong>paupertate,</strong></span> <span class='ocrx_word' id='word_1_170' title='bbox 332 2361 406 2406; x_wconf 89' lang='lat' dir='ltr'><strong>cum</strong></span> <span class='ocrx_word' id='word_1_171' title='bbox 423 2343 516 2406; x_wconf 90' lang='lat' dir='ltr'><strong>multi</strong></span> <span class='ocrx_word' id='word_1_172' title='bbox 539 2342 679 2424; x_wconf 89' lang='lat' dir='ltr'><strong>improbi</strong></span> <span class='ocrx_word' id='word_1_173' title='bbox 701 2341 821 2406; x_wconf 85' lang='lat' dir='ltr'><strong>divitiis</strong></span> <span class='ocrx_word' id='word_1_174' title='bbox 844 2343 1065 2429; x_wconf 82' lang='lat' dir='ltr'><strong>abundarent3</strong></span> 
     </span>
     <span class='ocr_line' id='line_1_26' title="bbox 103 2429 1066 2517; baseline 0.003 -22"><span class='ocrx_word' id='word_1_175' title='bbox 103 2429 329 2514; x_wconf 82' lang='lat' dir='ltr'><strong>ignominiam,</strong></span> <span class='ocrx_word' id='word_1_176' title='bbox 343 2429 503 2512; x_wconf 84' lang='lat' dir='ltr'><strong>exsilium,</strong></span> <span class='ocrx_word' id='word_1_177' title='bbox 522 2429 705 2511; x_wconf 88' lang='lat' dir='ltr'><strong>orbitatem,</strong></span> <span class='ocrx_word' id='word_1_178' title='bbox 724 2430 867 2512; x_wconf 72' lang='lat' dir='ltr'><strong>morboS,</strong></span> <span class='ocrx_word' id='word_1_179' title='bbox 889 2432 1066 2517; x_wconf 84' lang='lat' dir='ltr'><strong>tormenta,</strong></span> 
     </span>
     <span class='ocr_line' id='line_1_27' title="bbox 104 2515 1067 2599; baseline 0.006 -17"><span class='ocrx_word' id='word_1_180' title='bbox 104 2517 263 2582; x_wconf 87' lang='lat' dir='ltr'><strong>cruciatus</strong></span> <span class='ocrx_word' id='word_1_181' title='bbox 285 2516 452 2599; x_wconf 90' lang='lat' dir='ltr'><strong>proprium</strong></span> <span class='ocrx_word' id='word_1_182' title='bbox 475 2515 710 2599; x_wconf 90' lang='lat' dir='ltr'><strong>quodammodo</strong></span> <span class='ocrx_word' id='word_1_183' title='bbox 732 2517 894 2583; x_wconf 91' lang='lat' dir='ltr'><strong>bonorum</strong></span> <span class='ocrx_word' id='word_1_184' title='bbox 918 2520 1067 2587; x_wconf 86' lang='lat' dir='ltr'><strong>virorum</strong></span> 
     </span>
     <span class='ocr_line' id='line_1_28' title="bbox 103 2603 1067 2697; baseline 0.006 -29"><span class='ocrx_word' id='word_1_185' title='bbox 103 2603 335 2690; x_wconf 88' lang='lat' dir='ltr'><strong>patrimonium</strong></span> <span class='ocrx_word' id='word_1_186' title='bbox 353 2624 435 2687; x_wconf 90' lang='lat' dir='ltr'><strong>esse,</strong></span> <span class='ocrx_word' id='word_1_187' title='bbox 458 2624 531 2667; x_wconf 88' lang='lat' dir='ltr'><strong>cum</strong></span> <span class='ocrx_word' id='word_1_188' title='bbox 548 2604 673 2668; x_wconf 91' lang='lat' dir='ltr'><strong>interea</strong></span> <span class='ocrx_word' id='word_1_189' title='bbox 690 2607 785 2671; x_wconf 89' lang='lat' dir='ltr'><strong>multi</strong></span> <span class='ocrx_word' id='word_1_190' title='bbox 803 2606 954 2672; x_wconf 86' lang='lat' dir='ltr'><strong>omnibus</strong></span> <span class='ocrx_word' id='word_1_191' title='bbox 972 2610 1067 2697; x_wconf 81' lang='lat' dir='ltr'><strong>flagi·</strong></span> 
     </span>
     <span class='ocr_line' id='line_1_29' title="bbox 104 2692 1068 2777; baseline 0.006 -20"><span class='ocrx_word' id='word_1_192' title='bbox 104 2694 158 2757; x_wconf 87' lang='lat' dir='ltr'><strong>tiis</strong></span> <span class='ocrx_word' id='word_1_193' title='bbox 195 2692 339 2777; x_wconf 87' lang='lat' dir='ltr'><strong>cooperti</strong></span> <span class='ocrx_word' id='word_1_194' title='bbox 376 2692 412 2756; x_wconf 90' lang='lat' dir='ltr'><strong>in</strong></span> <span class='ocrx_word' id='word_1_195' title='bbox 448 2693 580 2757; x_wconf 88' lang='lat' dir='ltr'><strong>summis</strong></span> <span class='ocrx_word' id='word_1_196' title='bbox 618 2693 739 2759; x_wconf 89' lang='lat' dir='ltr'><strong>deliciis</strong></span> <span class='ocrx_word' id='word_1_197' title='bbox 776 2694 923 2761; x_wconf 84' lang='lat' dir='ltr'><strong>viverent</strong></span> <span class='ocrx_word' id='word_1_198' title='bbox 960 2701 995 2761; x_wconf 90' lang='lat' dir='ltr'><strong>et</strong></span> <span class='ocrx_word' id='word_1_199' title='bbox 1031 2700 1068 2763; x_wconf 93' lang='lat' dir='ltr'><strong>in</strong></span> 
     </span>
     <span class='ocr_line' id='line_1_30' title="bbox 105 2781 1067 2869; baseline 0.007 -23"><span class='ocrx_word' id='word_1_200' title='bbox 105 2782 254 2848; x_wconf 87' lang='lat' dir='ltr'><strong>omnibus</strong></span> <span class='ocrx_word' id='word_1_201' title='bbox 272 2781 412 2869; x_wconf 85' lang='lat' dir='ltr'><strong>negotiis</strong></span> <span class='ocrx_word' id='word_1_202' title='bbox 436 2783 502 2848; x_wconf 87' lang='lat' dir='ltr'><strong>suis</strong></span> <span class='ocrx_word' id='word_1_203' title='bbox 525 2783 756 2848; x_wconf 87' lang='lat' dir='ltr'><strong>secundissima</strong></span> <span class='ocrx_word' id='word_1_204' title='bbox 777 2783 911 2848; x_wconf 88' lang='lat' dir='ltr'><strong>fortuna</strong></span> <span class='ocrx_word' id='word_1_205' title='bbox 932 2788 1067 2852; x_wconf 84' lang='lat' dir='ltr'><strong>uteren-</strong></span> 
     </span>
     <span class='ocr_line' id='line_1_31' title="bbox 104 2871 1068 2958; baseline 0.007 -24"><span class='ocrx_word' id='word_1_206' title='bbox 104 2873 166 2936; x_wconf 93' lang='lat' dir='ltr'><strong>tur.</strong></span> <span class='ocrx_word' id='word_1_207' title='bbox 203 2871 292 2958; x_wconf 81' lang='lat' dir='ltr'><strong>Ergo</strong></span> <span class='ocrx_word' id='word_1_208' title='bbox 317 2873 372 2938; x_wconf 88' lang='lat' dir='ltr'><strong>alii</strong></span> <span class='ocrx_word' id='word_1_209' title='bbox 394 2873 561 2938; x_wconf 86' lang='lat' dir='ltr'><strong>fortunam</strong></span> <span class='ocrx_word' id='word_1_210' title='bbox 583 2872 781 2937; x_wconf 89' lang='lat' dir='ltr'><strong>accusabant</strong></span> <span class='ocrx_word' id='word_1_211' title='bbox 802 2875 840 2936; x_wconf 92' lang='lat' dir='ltr'><strong>ut</strong></span> <span class='ocrx_word' id='word_1_212' title='bbox 861 2871 1011 2955; x_wconf 89' lang='lat' dir='ltr'><strong>iniquam</strong></span> <span class='ocrx_word' id='word_1_213' title='bbox 1034 2879 1068 2941; x_wconf 89' lang='lat' dir='ltr'><strong>et</strong></span> 
     </span>
     <span class='ocr_line' id='line_1_32' title="bbox 104 2960 1068 3049; baseline 0.006 -27"><span class='ocrx_word' id='word_1_214' title='bbox 104 2960 271 3046; x_wconf 89' lang='lat' dir='ltr'><strong>iniustam,</strong></span> <span class='ocrx_word' id='word_1_215' title='bbox 295 2983 376 3044; x_wconf 89' lang='lat' dir='ltr'><strong>quae</strong></span> <span class='ocrx_word' id='word_1_216' title='bbox 400 2963 492 3045; x_wconf 91' lang='lat' dir='ltr'><strong>quasi</strong></span> <span class='ocrx_word' id='word_1_217' title='bbox 515 2962 623 3026; x_wconf 90' lang='lat' dir='ltr'><strong>dedita</strong></span> <span class='ocrx_word' id='word_1_218' title='bbox 646 2981 745 3043; x_wconf 91' lang='lat' dir='ltr'><strong>opera</strong></span> <span class='ocrx_word' id='word_1_219' title='bbox 771 2960 927 3044; x_wconf 87' lang='lat' dir='ltr'><strong>improbis</strong></span> <span class='ocrx_word' id='word_1_220' title='bbox 949 2967 1068 3049; x_wconf 88' lang='lat' dir='ltr'><strong>mater,</strong></span> 
     </span>
     <span class='ocr_line' id='line_1_33' title="bbox 104 3045 1069 3135; baseline 0.01 -28"><span class='ocrx_word' id='word_1_221' title='bbox 104 3045 200 3111; x_wconf 88' lang='lat' dir='ltr'><strong>bonis</strong></span> <span class='ocrx_word' id='word_1_222' title='bbox 223 3070 362 3113; x_wconf 86' lang='lat' dir='ltr'><strong>noverca</strong></span> <span class='ocrx_word' id='word_1_223' title='bbox 384 3053 481 3130; x_wconf 76' lang='lat' dir='ltr'><strong>esset3</strong></span> <span class='ocrx_word' id='word_1_224' title='bbox 509 3048 564 3111; x_wconf 90' lang='lat' dir='ltr'><strong>alii</strong></span> <span class='ocrx_word' id='word_1_225' title='bbox 586 3050 623 3110; x_wconf 91' lang='lat' dir='ltr'><strong>ut</strong></span> <span class='ocrx_word' id='word_1_226' title='bbox 645 3068 774 3113; x_wconf 89' lang='lat' dir='ltr'><strong>caecam</strong></span> <span class='ocrx_word' id='word_1_227' title='bbox 796 3051 830 3112; x_wconf 92' lang='lat' dir='ltr'><strong>et</strong></span> <span class='ocrx_word' id='word_1_228' title='bbox 850 3051 1069 3135; x_wconf 89' lang='lat' dir='ltr'><strong>temerariam,</strong></span> 
     </span>
     <span class='ocr_line' id='line_1_34' title="bbox 105 3135 1070 3224; baseline 0.012 -30"><span class='ocrx_word' id='word_1_229' title='bbox 105 3152 188 3214; x_wconf 90' lang='lat' dir='ltr'><strong>quae</strong></span> <span class='ocrx_word' id='word_1_230' title='bbox 211 3156 298 3199; x_wconf 90' lang='lat' dir='ltr'><strong>nunc</strong></span> <span class='ocrx_word' id='word_1_231' title='bbox 320 3136 438 3218; x_wconf 87' lang='lat' dir='ltr'><strong>bonos,</strong></span> <span class='ocrx_word' id='word_1_232' title='bbox 454 3154 547 3224; x_wconf 49' lang='lat' dir='ltr'><strong>‚nuno</strong></span> <span class='ocrx_word' id='word_1_233' title='bbox 569 3135 673 3200; x_wconf 89' lang='lat' dir='ltr'><strong>malos</strong></span> <span class='ocrx_word' id='word_1_234' title='bbox 686 3137 777 3202; x_wconf 91' lang='lat' dir='ltr'><strong>nullo</strong></span> <span class='ocrx_word' id='word_1_235' title='bbox 800 3137 984 3202; x_wconf 88' lang='lat' dir='ltr'><strong>discrimine</strong></span> <span class='ocrx_word' id='word_1_236' title='bbox 1010 3145 1070 3205; x_wconf 90' lang='lat' dir='ltr'><strong>aut</strong></span> 
     </span>
     <span class='ocr_line' id='line_1_35' title="bbox 105 3221 1070 3309; baseline 0.013 -27"><span class='ocrx_word' id='word_1_237' title='bbox 105 3221 286 3306; x_wconf 84' lang='lat' dir='ltr'><strong>extolleret,</strong></span> <span class='ocrx_word' id='word_1_238' title='bbox 323 3225 380 3287; x_wconf 92' lang='lat' dir='ltr'><strong>aut</strong></span> <span class='ocrx_word' id='word_1_239' title='bbox 417 3222 632 3306; x_wconf 67' lang='lat' dir='ltr'><strong>deprimeret,</strong></span> <span class='ocrx_word' id='word_1_240' title='bbox 657 3224 805 3309; x_wconf 88' lang='lat' dir='ltr'><strong>idemque</strong></span> <span class='ocrx_word' id='word_1_241' title='bbox 837 3224 990 3290; x_wconf 89' lang='lat' dir='ltr'><strong>dicebant</strong></span> <span class='ocrx_word' id='word_1_242' title='bbox 1029 3231 1070 3295; x_wconf 91' lang='lat' dir='ltr'><strong>de</strong></span> 
     </span>
     <span class='ocr_line' id='line_1_36' title="bbox 104 3305 1071 3403; baseline 0.011 -30"><span class='ocrx_word' id='word_1_243' title='bbox 104 3305 215 3392; x_wconf 88' lang='lat' dir='ltr'><strong>Pluto,</strong></span> <span class='ocrx_word' id='word_1_244' title='bbox 243 3330 339 3391; x_wconf 89' lang='lat' dir='ltr'><strong>quem</strong></span> <span class='ocrx_word' id='word_1_245' title='bbox 367 3311 551 3374; x_wconf 84' lang='lat' dir='ltr'><strong>divitiarum</strong></span> <span class='ocrx_word' id='word_1_246' title='bbox 578 3309 684 3377; x_wconf 92' lang='lat' dir='ltr'><strong>Deum</strong></span> <span class='ocrx_word' id='word_1_247' title='bbox 711 3334 780 3377; x_wconf 89' lang='lat' dir='ltr'><strong>esse</strong></span> <span class='ocrx_word' id='word_1_248' title='bbox 812 3313 997 3400; x_wconf 84' lang='lat' dir='ltr'><strong>fingebant,</strong></span> <span class='ocrx_word' id='word_1_249' title='bbox 1028 3321 1071 3403; x_wconf 88' lang='lat' dir='ltr'><strong>et,</strong></span> 
     </span>
     <span class='ocr_line' id='line_1_37' title="bbox 106 3395 1073 3485; baseline 0.012 -24"><span class='ocrx_word' id='word_1_250' title='bbox 106 3400 144 3462; x_wconf 91' lang='lat' dir='ltr'><strong>ut</strong></span> <span class='ocrx_word' id='word_1_251' title='bbox 169 3395 208 3461; x_wconf 90' lang='lat' dir='ltr'><strong>fit</strong></span> <span class='ocrx_word' id='word_1_252' title='bbox 233 3396 269 3461; x_wconf 93' lang='lat' dir='ltr'><strong>in</strong></span> <span class='ocrx_word' id='word_1_253' title='bbox 296 3398 471 3482; x_wconf 86' lang='lat' dir='ltr'><strong>erroribus,</strong></span> <span class='ocrx_word' id='word_1_254' title='bbox 504 3399 679 3465; x_wconf 88' lang='lat' dir='ltr'><strong>desultoria</strong></span> <span class='ocrx_word' id='word_1_255' title='bbox 706 3402 845 3485; x_wconf 89' lang='lat' dir='ltr'><strong>quadam</strong></span> <span class='ocrx_word' id='word_1_256' title='bbox 871 3403 1005 3469; x_wconf 87' lang='lat' dir='ltr'><strong>levitate</strong></span> <span class='ocrx_word' id='word_1_257' title='bbox 1033 3408 1073 3473; x_wconf 93' lang='lat' dir='ltr'><strong>in</strong></span> 
     </span>
     <span class='ocr_line' id='line_1_38' title="bbox 108 3487 1071 3578; baseline 0.01 -26"><span class='ocrx_word' id='word_1_258' title='bbox 108 3487 285 3553; x_wconf 89' lang='lat' dir='ltr'><strong>contrarias</strong></span> <span class='ocrx_word' id='word_1_259' title='bbox 322 3488 501 3552; x_wconf 87' lang='lat' dir='ltr'><strong>sententias</strong></span> <span class='ocrx_word' id='word_1_260' title='bbox 536 3487 733 3554; x_wconf 84' lang='lat' dir='ltr'><strong>ferebantur.</strong></span> <span class='ocrx_word' id='word_1_261' title='bbox 777 3487 864 3556; x_wconf 88' lang='lat' dir='ltr'><strong>Nam</strong></span> <span class='ocrx_word' id='word_1_262' title='bbox 899 3490 956 3555; x_wconf 91' lang='lat' dir='ltr'><strong>ubi</strong></span> <span class='ocrx_word' id='word_1_263' title='bbox 990 3496 1071 3578; x_wconf 90' lang='lat' dir='ltr'><strong>quid</strong></span> 
     </span>
    </p>
   </div>
   <div class='ocr_carea' id='block_1_3' title="bbox 0 0 1179 3824">
    <p class='ocr_par' dir='ltr' id='par_1_3' title="bbox 0 0 1179 3824">
     <span class='ocr_line' id='line_1_39' title="bbox 0 0 1179 3824; baseline 0 0"><span class='ocrx_word' id='word_1_264' title='bbox 0 0 1179 3824; x_wconf 95' lang='lat' dir='ltr'><strong> </strong></span> 
     </span>
    </p>
   </div>
  </div>
 </body>
</html>
