2332 3824
99 176 162 241 112
452 172 588 230 ORATIO
606 172 695 228 XVII.

97 321 131 387 id
159 343 228 387 esse
256 321 315 405 ait,
343 341 416 385 eum
438 319 605 383 liberalem
627 337 707 381 esse.
744 315 797 380 Ita
818 316 892 401 isti,
917 339 999 382 cum
1022 341 1073 383 mo

98 431 187 475 nunc
222 414 260 474 ut
290 409 387 473 nimis
419 407 570 472 sublimia
605 407 785 489 petentem,
820 426 914 469 nunc
948 410 990 470 ut
1022 429 1071 471 me

98 499 184 564 iusto
217 498 351 562 inferius
384 495 606 560 demittentem
636 493 768 577 culpare
801 493 1004 578 instituunt,
1035 499 1071 559 ut

99 587 179 651 mihi
207 587 335 670 quidem
366 587 437 649 tum
468 583 597 648 demum
626 580 769 645 medium
802 601 914 646 secare
947 582 1070 666 videar,

100 675 253 739 efficiunt.
288 671 395 756 Magis
426 693 478 736 me
509 673 642 736 movent
668 670 816 753 exempla
847 690 982 755 eorum,
1016 671 1068 755 qui

99 761 254 827 memoria
271 762 385 825 nostra
407 760 528 844 primos
552 758 680 824 ordines
697 759 733 821 in
749 757 868 822 litteris
888 757 1067 824 duxerunt:

100 870 237 932 quorum
268 851 306 913 ut
338 849 473 932 quisque
510 846 713 912 doctissimus
749 845 884 909 habitus
920 851 987 931 est,
1022 848 1067 910 ita

99 936 274 1021 plurimum
301 958 417 1022 operae
439 937 475 999 in
501 935 552 1000 his
580 934 724 1019 epistolis
753 933 937 999 collocavit.
975 934 1065 1000 Nun·

101 1047 198 1110 quam
224 1047 276 1090 me
304 1025 429 1111 pigebit
454 1024 500 1088 111
527 1024 563 1087 in
589 1023 680 1087 libris
703 1022 858 1105 exerceri,
884 1023 1065 1107 inquibus

101 1115 165 1181 duo
196 1115 344 1198 ingentia
376 1114 491 1177 decora
521 1110 650 1195 Italiae,
680 1107 797 1174 Petrus
829 1109 1003 1176 Victorius
1035 1116 1065 1176 et

100 1202 220 1267 Paulus
244 1201 423 1285 Manutius,
451 1199 654 1263 acutissimus
681 1198 935 1264 iurisconsultus
963 1200 1064 1264 Anto-

101 1290 174 1352 nius
207 1287 390 1372 Goveanus‚
422 1285 632 1352 Sebastianus
665 1284 840 1369 Corradus,
872 1286 1063 1353 Leonardus

101 1375 296 1460 Malaspina,
322 1376 434 1440 lumen
460 1378 494 1439 et
521 1378 748 1440 ornamentum
775 1373 901 1439 Galliae
926 1375 1064 1441 Hadria·

102 1487 163 1530 nus
182 1465 351 1529 Turnebus
375 1464 505 1548 aliique,
529 1485 609 1547 quos
633 1483 820 1527 enumerare
843 1463 987 1548 longum
1009 1468 1064 1547 est,

101 1553 148 1616 ita
176 1554 385 1638 desudarunt,
411 1555 449 1616 ut
475 1553 681 1637 praecipuam
708 1550 770 1614 sibi
797 1552 972 1616 materiem
1000 1554 1064 1638 glo·

101 1640 168 1704 1111
201 1661 239 1704 ex
271 1642 316 1706 eis
349 1640 556 1705 emendandis
589 1642 622 1703 et
652 1639 852 1702 illustrandis
887 1641 1063 1723 quaesiisse

102 1728 280 1793 videantur.
317 1728 405 1804 Quos
428 1729 455 1792 si
482 1729 578 1792 duces
600 1748 669 1791 non
696 1747 859 1810 sequerer,
887 1749 994 1793 unum
1019 1731 1062 1792 ta-

102 1838 178 1881 men
206 1838 414 1902 opponerem,
442 1816 532 1880 cuius
560 1815 734 1880 auotoritas
756 1814 926 1900 frangere,
955 1816 1062 1881 debili-

103 1907 186 1990 tare,
214 1907 358 1970 obterere
387 1925 498 1969 omnes
526 1906 640 1967 contra
662 1902 871 1966 sentientium
896 1925 1062 1970 rumuscu-

103 1992 152 2056 los
184 1997 302 2076 posset.
342 1992 447 2057 Huius
480 1992 566 2056 enirn
598 1990 724 2056 consilii
754 1991 818 2054 mei
850 2012 922 2055 non
950 2013 1062 2077 appro-

102 2080 250 2145 batorem
272 2081 368 2146 modo
392 2085 424 2144 et
446 2079 724 2164 adstipulatorem,
752 2079 808 2142 sed
835 2082 1007 2145 auctorem
1029 2101 1063 2144 11

103 2168 305 2233 laudatorem
335 2168 440 2232 habeo
472 2168 565 2232 illum
589 2167 787 2232 uberrimum
819 2166 1063 2250 disciplinarum

104 2257 248 2318 omnium
277 2257 416 2334 fontem,
448 2254 642 2320 Gulielmum
669 2253 821 2319 Sirletum
849 2251 1064 2339 Oardinalem,

104 2341 194 2404 cuius
213 2343 398 2406 auctoritati
416 2343 493 2407 dum
510 2365 654 2426 paream,
671 2342 838 2426 nunquam
855 2363 1064 2429 magnopere,

105 2428 181 2511 quid
204 2429 259 2492 alii
282 2430 321 2492 de
343 2450 394 2493 me
417 2429 588 2493 iudicaturi
610 2430 689 2512 sint,
710 2430 875 2494 laborabo.

171 2513 322 2598 Sequitur
351 2537 452 2599 nunc,
483 2519 521 2580 ut
550 2516 589 2578 iis
626 2515 898 2583 obtrectatoribus
931 2541 1064 2604 respon·

105 2603 209 2686 deam,
255 2604 310 2686 qui
355 2623 483 2667 omnem
527 2603 737 2688 epistolarum
780 2606 955 2673 lectionem
995 2609 1064 2674 leve

105 2691 257 2776 quiddam
293 2713 331 2757 aa
366 2713 466 2777 prope
502 2693 710 2779 nugatorium
746 2716 815 2759 esse
847 2694 955 2780 aiunt,
993 2717 1065 2780 quo,

84 2783 270 2867 ,tamquam
309 2783 406 2869 lacte,
451 2783 589 2868 pueruli,
633 2803 714 2867 non,
759 2788 796 2847 ut
836 2783 939 2847 solido
984 2785 1065 2867 cibo,

105 2871 204 2935 etiam
221 2874 409 2957 grandiores
424 2873 467 2936 ali
486 2873 632 2936 debeant.
654 2869 694 2934 ln
709 2871 824 2954 quibus
840 2869 904 2934 hoc
922 2872 1064 2955 primum

106 2961 155 3020 est
183 2959 268 3042 quod
295 2962 445 3024 admirer:
478 2980 551 3023 oum
578 2959 734 3023 sermonis
762 2980 857 3023 usum
888 2981 995 3024 unum
1027 2960 1064 3023 de

105 3046 286 3126 praecipuis
314 3069 334 3108 a
360 3047 430 3111 Deo
458 3045 494 3107 in
520 3045 684 3108 hominem
717 3047 841 3112 collatis
873 3049 1064 3112 muneribus

106 3146 174 3190 esse
196 3130 375 3216 fateantur,
402 3131 562 3214 quomodo
591 3130 629 3193 de
653 3134 826 3216 scriptione
854 3133 1065 3218 epistolarum

105 3212 199 3276 aliter
239 3218 358 3280 sentire
398 3217 533 3302 possint.
581 3215 629 3282 Ut
665 3222 750 3284 enim
791 3242 939 3286 sermone
980 3224 1066 3288 inter

105 3305 304 3388 praesentes,
326 3305 374 3367 ita
397 3303 541 3388 epistolis
564 3304 650 3370 inter
672 3308 821 3372 absentes
844 3310 946 3374 animi
970 3333 1066 3377 sensa

107 3390 392 3457 communicantur.
427 3391 489 3454 Per
512 3392 663 3475 epistolas
686 3400 867 3460 mercatura
889 3404 1067 3484 exercetur,

106 3505 170 3566 qua
193 3481 221 3546 si
243 3500 435 3564 careremus,
461 3480 749 3547 innumerabilibus
777 3486 955 3550 commodis
979 3510 1066 3553 care·
