2332 3824
145 178 186 243 12
527 176 663 234 ORATIO
681 176 715 231 11.

143 327 352 479 tttztt
365 324 675 493 ilffllilflqd
688 322 751 470 tt
768 324 1070 481 tumr

143 505 200 566 aut
213 522 325 567 eorum
338 518 534 583 magnopere
547 496 746 560 fructuosam
760 515 830 559 esse
843 496 1058 580 reipublicae
1070 527 1077 568 l

144 589 314 670 dustriam,
339 587 443 650 ineis
471 584 607 668 denique
630 604 698 647 non
725 581 921 666 exquisitam
947 589 1058 656 ullam
1079 620 1084 655 ‹.

142 674 355 756 reconditam,
378 673 433 737 sed
452 672 738 736 circumforaneum
756 668 921 754 quandam
941 673 1090 744 heustan

144 783 205 846 que
220 763 258 825 de
271 761 375 825 triviis
389 781 427 824 ac
445 760 571 824 circulis
589 759 708 843 requiri
726 758 908 824 doctrinam
921 766 1061 844 putent
1081 776 1097 830 l

145 848 262 932 quibus
286 869 346 933 ego
370 847 523 932 quoniam
549 847 597 911 ita
623 846 792 930 dissentis,
818 849 856 909 ut
878 866 919 910 ex
943 855 1105 937 omnibuq

145 937 200 1020 qui
227 958 261 1001 se
289 937 410 1022 aliquid
438 937 550 1003 docere
576 935 782 1019 profitentur,
808 933 928 998 horum
955 940 1015 1004 vol
1039 963 1107 1027 gra

143 1024 310 1091 vissimum
328 1048 445 1091 munus
466 1046 535 1090 esse
558 1022 764 1106 contendam,
786 1042 891 1104 neque
913 1023 1007 1092 ullos
1032 1050 1107 1111 esse,

144 1115 199 1198 qui
222 1119 280 1180 aut
300 1115 449 1179 laborum
471 1113 544 1196 plus
566 1111 744 1196 perferant,
767 1111 824 1174 aut
842 1108 984 1176 maiores
1004 1116 1045 1181 in
1061 1138 1107 1182 ra-

143 1203 273 1286 publica
295 1202 424 1285 pariant
445 1198 583 1282 fructus,
614 1199 779 1263 doctrinae
806 1197 945 1281 denique
969 1221 990 1263 a
1014 1205 1105 1269 nullo

143 1288 312 1352 hominum
339 1308 455 1371 genere
481 1287 636 1352 maiorem
662 1289 720 1351 aut
746 1285 872 1369 copiam
899 1287 1026 1368 requiri
1051 1295 1106 1356 aut

143 1375 333 1439 varietatem
358 1375 506 1439 arbitrem
534 1375 688 1440 constitui
714 1373 871 1438 hodierno
894 1372 959 1456 die,
988 1375 1104 1443 Patres

144 1463 334 1548 amplissimi
355 1484 476 1546 vosque
494 1462 590 1527 ceteri
608 1462 670 1528 riri
692 1459 903 1543 ornatissimi,
925 1481 1000 1527 eam
1022 1466 1104 1531 mihi

144 1551 185 1613 ad
204 1551 374 1616 dicendum
388 1551 556 1616 materiam
575 1571 712 1633 sumere,
730 1552 764 1612 et
780 1547 1019 1616 nobilissimam
1037 1557 1102 1618 stu·

144 1636 271 1700 diorum
293 1642 431 1722 partem,
455 1642 612 1722 quantum
633 1637 667 1701 id
688 1636 816 1720 quidem
833 1636 869 1699 in
886 1656 938 1699 me
956 1640 1103 1720 positum

144 1723 218 1808 erit,
246 1745 265 1787 a
288 1728 475 1809 contemptu
498 1729 594 1808 atque
617 1724 658 1788 ab
680 1724 877 1788 intolerabili
899 1724 1102 1794 eruditorum

34 1872 39 1879 .
143 1813 312 1879 hominum
338 1813 512 1877 insolentia
538 1811 709 1876 vindicare.
753 1811 799 1876 ut
829 1833 904 1876 vero
937 1813 1017 1896 quid
1046 1821 1102 1881 aut

142 1902 218 1968 huic
239 1902 379 1987 tempori
401 1903 458 1965 aut
476 1901 607 1965 omnino
626 1921 698 1965 meo
715 1900 841 1964 muneri
857 1900 964 1963 facere
983 1921 1102 1970 conre-

143 1991 284 2057 nientius
306 2013 440 2077 possum
467 2010 563 2075 quam
590 1992 640 2073 ut,
668 2010 749 2073 quae
777 1987 857 2051 mihi
884 1987 992 2052 studia
1019 1993 1101 2057 cele

143 2078 271 2145 britatis
295 2080 416 2164 aliquid
439 2100 513 2144 cum
535 2077 607 2143 aliis
629 2078 665 2142 in
690 2075 770 2143 locis
792 2080 862 2139 turn
884 2075 946 2139 hac
969 2075 1043 2159 ipsa
1065 2080 1102 2145 in

144 2165 274 2229 civitate
287 2170 494 2251 pepererunt,
508 2189 528 2231 a
542 2188 679 2251 quorum
693 2185 753 2249 ego
772 2164 873 2228 veluti
891 2163 1041 2230 fontibus
1059 2167 1102 2233 ad

143 2247 229 2313 hanc
242 2255 557 2336 quantulamcunque
570 2253 708 2336 profluxi
720 2252 889 2316 hominum
905 2250 1042 2337 famam,
1060 2255 1102 2320 ii's

145 2356 271 2420 quoque
299 2338 438 2402 vicissim
465 2341 609 2403 oratione
636 2361 709 2403 mea
740 2338 918 2421 splendoris
946 2359 984 2402 ac
1006 2341 1101 2407 clari-

143 2423 221 2487 tatis
240 2424 353 2489 afferre
372 2426 493 2508 aliquid
510 2426 629 2491 coner‘?
651 2425 840 2508 praesertim
858 2447 944 2509 cum,
964 2427 1019 2509 qui
1036 2429 1103 2496 hoo

143 2510 324 2576 litterarum
356 2533 458 2597 genus
489 2517 716 2597 aspernantur,
746 2511 852 2577 facere
882 2515 973 2579 nullo
1001 2518 1102 2584 modo

143 2599 282 2682 possint,
303 2600 381 2682 quin
399 2600 438 2664 de
456 2604 577 2684 vestra,
594 2600 707 2665 Patres
722 2600 923 2685 amplissimi,
941 2601 1102 2685 singulari

143 2688 350 2770 spectataque
371 2687 408 2750 in
430 2688 579 2752 omnibus
605 2689 701 2752 rebus
724 2708 762 2752 ac
787 2710 890 2772 paene
918 2689 1027 2753 divina
1049 2712 1100 2756 sa-

143 2773 267 2855 pientia
284 2774 434 2838 nonnihil
453 2773 564 2839 eadem
583 2776 733 2860 superbia
750 2775 931 2841 domabant.
966 2775 1101 2843 Etenim

144 2860 171 2923 si
193 2860 274 2924 haec
295 2864 366 2926 tota
383 2883 435 2925 res
452 2864 521 2925 tam
537 2864 617 2928 levis
636 2868 697 2948 est,
721 2885 817 2948 quam
834 2864 890 2928 isti
909 2885 980 2927 eam
997 2864 1100 2929 videri

143 2948 271 3032 volunt,
294 2970 376 3033 quae
399 2971 457 3014 vos
479 2949 611 3013 tandem
630 2971 743 3015 caussa
762 2952 948 3034 commovit,
970 2953 1008 3014 ut
1025 2975 1099 3034 pro-

143 3036 259 3116 positis
282 3037 409 3121 publice
432 3035 563 3119 libellis,
591 3036 808 3102 studiosorum
834 3039 1003 3103 hominum
1031 3040 1098 3103 ani-

141 3143 213 3186 mos
236 3123 278 3187 ad
300 3124 442 3189 nobilem
463 3124 554 3188 illam
575 3124 699 3207 ingenii
722 3125 949 3208 doctrinaeque
967 3127 1099 3191 conten·

142 3208 265 3273 tionem
288 3212 483 3295 excitaretis,
505 3213 603 3293 utque
626 3210 680 3292 iis,
704 3213 758 3293 qui
772 3212 870 3277 ‘vobis
887 3213 923 3275 in
940 3232 979 3276 eo
998 3215 1099 3276 certa-

143 3296 229 3361 mine
244 3299 374 3381 probati
387 3303 504 3384 essent,
517 3296 781 3363 honestissimum
794 3301 908 3382 postea
920 3299 1100 3382 praemium

143 3402 184 3446 ex
209 3388 333 3453 aerario
366 3385 600 3453 decerneretis?
640 3383 729 3460 Quae
760 3389 845 3450 certe
878 3407 945 3450 una
975 3403 1026 3448 res
1058 3386 1101 3449 ad

144 3474 353 3540 coercendam
396 3476 534 3543 istorum
572 3472 787 3542 temeritatem
828 3473 907 3539 satis
947 3495 956 3500 ·
986 3467 1100 3535 aleus
