2332 3824
152 115 172 178 6
544 109 681 169 ORATIO
699 110 722 166 I.

152 258 318 344 voluptate
344 256 571 345 perimebatur
598 257 636 321 ut
662 275 737 319 eum
769 259 950 345 tanquam
985 272 1077 335 extra
1096 287 1121 333 se

152 349 294 432 positum
322 348 384 412 cibi
417 345 621 431 potionisque
648 346 780 427 caperet
807 347 957 419 oblivio.
998 355 1122 423 Prodest

154 436 393 503 sollertissimus
407 435 460 499 ille
475 432 661 499 coelestium
674 430 804 496 orbium
812 454 892 502 non
906 448 1122 524 perscrutator

153 528 295 606 tentum,
309 521 364 587 sed
378 522 476 586 etiam
490 521 643 602 imitator,
657 517 889 603 Syracusanus
903 526 1123 615 Archimedes,

155 614 209 697 qui
227 632 295 675 non
313 610 409 674 modo
428 631 538 674 earum
556 629 675 691 rerum,
698 627 778 690 quas
799 613 933 679 natura
951 618 1039 706 fert,
1060 639 1123 707 pras

154 721 206 781 ea,
225 720 322 781 quam
337 697 484 781 capiebat
498 718 515 760 e
530 697 657 778 studiis,
676 694 901 765 oblectatione
918 724 1057 775 memor
1069 728 1124 774 noe

155 789 240 863 erat,
263 785 319 850 sed
341 785 376 849 in
399 785 455 849 illa
477 784 549 868 ipsa
571 781 791 868 Syracusanae
813 785 912 853 urbis
945 793 1124 882 direptione

154 875 201 938 ita
228 873 349 938 defixus
378 877 448 938 erat
474 873 510 938 in
537 872 657 956 studio,
683 874 722 936 ut
747 871 838 955 prius
862 873 1008 948 hostilis
1033 883 1125 971 gladii

155 962 320 1048 cuspidem
333 983 466 1048 corpore
480 961 654 1046 exceperit,
677 980 773 1043 quam
792 959 911 1027 urbem
926 966 969 1033 in
983 970 1124 1039 hostium

155 1056 350 1136 potestatem
371 1052 496 1116 venisse
519 1049 661 1113 sentiret.
698 1046 812 1112 Orem
834 1052 995 1122 omnium
1020 1082 1124 1126 saecu

155 1141 260 1204 lorum
288 1138 499 1203 admiratione
523 1136 758 1221 dignissimam!
790 1134 1031 1219 Diripiebatur
1052 1148 1123 1215 urbs

156 1248 194 1289 ea
210 1228 403 1310 tempestate
422 1225 566 1289 omnium
585 1222 841 1309 opulentissima3
860 1225 960 1293 effusi
979 1255 1046 1318 per
1059 1237 1122 1302 vies

156 1313 287 1397 milites,
309 1316 347 1378 ut
367 1314 404 1378 in
426 1334 583 1398 quemque
606 1313 800 1396 inciderant,
822 1311 893 1377 sine
917 1317 994 1385 ullo
1021 1346 1121 1408 sexus,

156 1403 285 1487 aetatis,
318 1401 438 1468 ordinis
472 1401 654 1467 discrimine
686 1400 797 1467 obvios
830 1403 1120 1494 contnrcidabant3

156 1491 298 1574 undique
330 1491 511 1576 gladiorum
546 1491 656 1575 fulgor
691 1488 955 1573 praestringebat
994 1501 1120 1581 oculos

156 1577 297 1660 undique
325 1600 488 1644 armorum
516 1579 654 1661 sonitus,
686 1577 828 1659 undique
855 1577 1050 1652 cadentium
1077 1591 1120 1652 te-

157 1668 282 1729 ctorum
295 1665 408 1750 fragor
426 1666 628 1748 audiebatur3
645 1686 819 1749 puerorum
836 1664 1031 1757 eiulatibus„
1051 1696 1118 1741 mu·

156 1755 270 1820 lierum
283 1753 448 1835 lamentis,
466 1753 673 1818 morientium
692 1752 878 1838 gemitibus,
896 1755 1042 1824 militum
1057 1764 1117 1827 cla·

157 1845 299 1910 moribus
322 1843 449 1929 privata
471 1841 662 1926 publicaque
686 1841 795 1907 omnia
817 1841 1117 1932 circumsonabant3

157 1932 228 2016 ipsa
254 1934 332 2000 urbs
359 1953 462 2019 paene
490 1931 612 1997 dimota
643 1933 676 1995 et
702 1930 856 1995 convulsa
888 1930 1021 2000 sedibus
1052 1939 1117 2003 suis

157 2043 290 2087 suorum
313 2024 431 2089 civium
452 2023 487 2086 in
510 2021 606 2086 caede
629 2041 667 2086 ac
690 2018 848 2106 sanguine
867 2019 1019 2086 natabat:
1045 2047 1117 2091 oum

157 2110 252 2171 unius
270 2110 412 2175 hominis
430 2131 522 2176 mens
540 2111 576 2175 in
588 2109 694 2175 media
708 2109 836 2173 civitate
854 2106 995 2172 civitatis
1013 2112 1118 2196 ipsius

157 2213 267 2256 casum
290 2217 327 2258 ao
349 2199 477 2261 ruinam
499 2218 567 2261 non
591 2196 758 2260 sentiebat.
786 2194 938 2258 Solonem
961 2217 1040 2264 vero
1066 2223 1116 2268 ac·

158 2279 312 2364 cepimus,
331 2302 404 2347 cum
421 2283 457 2346 in
476 2283 593 2345 lectulo
607 2282 705 2345 morti
721 2280 885 2364 proximus
900 2281 1117 2374 decumberet,

157 2366 396 2454 inaudissetque
414 2369 591 2435 assidentes
612 2368 733 2432 amicos
753 2367 791 2431 de
809 2388 844 2432 re
863 2372 1015 2454 quapiam
1030 2397 1118 2443 sum-

158 2456 267 2539 misse,
307 2477 349 2520 ne
385 2458 448 2543 ipsi
484 2455 665 2521 molestiam
700 2459 863 2541 parerent,
899 2457 1118 2552 disputantes,

158 2546 280 2626 erecto,
293 2546 331 2607 ut
344 2547 464 2628 potuit,
483 2545 549 2608 iam
563 2544 769 2608 semimortuo
784 2546 888 2630 capite
901 2567 1035 2630 rogasse
1050 2574 1118 2638 eos,

157 2634 195 2696 ut
216 2632 383 2715 aliquanto
404 2634 612 2716 loquerentur
633 2631 761 2717 elatius;
783 2634 857 2719 sibi,
880 2634 908 2699 si
930 2634 1028 2701 etiam
1046 2661 1118 2708 mo·

157 2720 243 2784 riens
275 2719 396 2804 aliquid
428 2720 549 2784 discere
584 2719 755 2807 potuisset,
792 2722 965 2789 discessum
993 2746 1010 2787 e
1047 2729 1118 2795 vita

156 2808 378 2875 iucundiorem
403 2808 481 2874 fore.
518 2807 545 2873 Ο
574 2808 718 2876 discendi
740 2812 912 2897 cupiditas,
940 2811 1017 2893 quid
1044 2837 1117 2882 non

34 2968 36 2973 ,
157 2897 268 2981 efficis,
291 2898 348 2963 ubi
371 2896 468 2963 semel
495 2917 653 2981 generosa
675 2900 807 2983 ingenia
830 2900 1016 2983 occupasti?
1054 2903 1115 2967 Te-

156 2984 296 3050 nebatur
322 2986 420 3051 homo
449 2984 704 3068 sapientissimus
732 2989 922 3072 gravissima
948 2987 980 3050 vi
1008 2990 1115 3054 morbi

158 3070 279 3135 defixus
302 3073 337 3136 in
360 3073 457 3157 lecto;
484 3072 650 3137 vicinitate
673 3074 739 3138 iam
761 3077 874 3141 mortis
898 3075 938 3139 ab
962 3076 1113 3143 omnibus

156 3179 259 3241 paene
279 3161 422 3244 corporis
440 3161 586 3245 partibus
602 3182 715 3226 sensus
730 3164 941 3245 abscesserat;
964 3164 1113 3249 egregius

157 3246 211 3309 ille
235 3247 371 3330 animus,
393 3270 470 3314 mox
492 3249 574 3313 liber
597 3269 634 3312 ac
649 3250 774 3314 solutus
796 3252 938 3334 futurus,
962 3273 979 3315 a
1002 3272 1114 3337 corpo-

157 3334 222 3399 reis
238 3334 374 3400 vinculis
393 3338 519 3402 exsilire
542 3337 711 3421 cupiebat:
734 3360 807 3402 cum
830 3337 984 3422 quidquid
1006 3361 1114 3424 super-

159 3426 229 3489 erat
254 3423 371 3489 virium
392 3445 432 3490 eo
455 3425 607 3510 contulit,
633 3427 671 3490 ut
698 3425 864 3491 deficiente
893 3425 1007 3511 lingua
1028 3429 1113 3493 voci-
