2332 3824
104 188 168 253 130
465 188 601 244 ORATIO
619 188 694 243 XIII.

104 333 258 418 quoniam
284 334 365 398 haec
391 333 537 399 nondum
569 332 610 397 ab
638 331 755 397 aetatis
781 335 917 397 nostrae
945 356 1076 403 memo·

103 423 153 486 ria
179 426 304 486 remota
336 423 424 486 suntt
452 424 510 486 aut
536 423 621 485 certe
648 420 804 504 dicemus,
835 423 992 488 nondum
1026 426 1075 490 hi-

105 511 222 575 storias
254 531 336 592 esse,
367 512 446 574 tuuc
477 509 605 574 demum
630 507 714 592 fore,
746 529 833 592 cum,
866 510 925 593 qui
955 533 1074 579 earum

104 619 212 662 rerum
238 597 432 681 meminerit,
462 618 558 661 nemo
591 596 729 681 amplius
759 596 950 679 reperietur.
1000 599 1073 676 Quo

105 684 200 750 modo
231 685 300 767 fiet,
335 685 373 748 ut
402 685 473 768 ipse
505 683 633 768 quidem
662 684 759 749 hodie
790 683 974 768 historiam¹
1003 709 1074 754 non

105 773 236 855 scribat,
273 770 328 855 qui
359 775 469 836 autem
499 772 618 836 abhinc
650 775 779 836 centum
810 773 908 837 annis
946 777 1074 861 scripta

105 860 173 924 eius
199 859 323 944 legent,
353 859 523 925 historiam
553 861 674 945 legant.
713 857 827 943 Neque
856 860 1072 946 Thucydides

104 946 166 1012 hac
192 948 318 1012 rationo
345 948 516 1013 historiam
542 947 719 1031 scripserit3
746 968 851 1031 neque
877 947 1072 1036 Xenophon

104 1036 141 1100 in
161 1036 253 1100 libris
276 1037 454 1102 auahaseos
477 1038 534 1101 aut
554 1036 591 1099 in
611 1035 703 1099 libris
724 1056 833 1099 rerum
851 1033 1071 1105 Graecarum·

105 1122 418 1276 nequebSHallustIius,
428 1145 519 1276 rphilum
541 1120 986 1275 eouiurptioupmmcatilinae
1010 1088 1071 1192 aut,

106 1234 179 1277 cum
225 1233 321 1276 eum
361 1234 382 1275 u
517 1232 733 1276 moenere
832 1233 906 1276 urus
960 1237 982 1278 u
1027 1237 1069 1280 ua

107 1320 203 1382 quam
234 1298 289 1362 diu
320 1232 448 1363 vetugsuta
481 1306 667 1384 persecutus
698 1302 758 1382 est,
789 1235 963 1365 historiari]
983 1236 1068 1366 hiri-

106 1387 209 1472 psisse
245 1385 381 1470 dicetur,
416 1389 452 1451 at
486 1388 658 1471 postremis
690 1386 796 1470 libris,
828 1388 949 1471 quibus
977 1409 1066 1454 com·

106 1477 219 1559 plexus
247 1477 316 1538 erat
342 1495 394 1539 res
422 1475 489 1541 suis
516 1476 716 1560 temporibus
743 1477 868 1560 gestas,
895 1476 1067 1542 historiam

107 1564 255 1628 videlicet
283 1563 421 1628 desierat
449 1563 595 1628 scribere.
637 1561 699 1627 Sed
725 1563 802 1628 nolo
825 1564 977 1648 pluribus
999 1587 1066 1630 uer·

107 1650 157 1714 bis
181 1651 343 1735 exagitare
365 1656 435 1716 tam
460 1651 585 1717 fatuam
608 1650 841 1734 definitionem3
865 1673 908 1716 ne
929 1654 1066 1719 mentio-

107 1759 183 1803 nem
219 1739 347 1822 quidem
382 1740 469 1804 illius
504 1740 604 1804 ullam
639 1739 801 1822 fecissem,
838 1739 904 1804 nisi
943 1741 1066 1823 scirem,

109 1849 180 1892 eam
207 1827 305 1892 etiam
330 1827 426 1891 hodie
456 1827 640 1892 defensores
665 1826 794 1891 habere.
835 1825 952 1914 Longe
975 1829 1065 1894 aliter

110 1916 294 1980 sentiebant
334 1915 464 1999 quidam
505 1915 582 1980 olim
623 1914 739 1978 eruditi
780 1914 945 2001 homines,
987 1938 1066 2001 quos

109 2003 243 2068 Verrius
271 2003 406 2068 Flaccus
437 2003 537 2067 refert
562 2005 708 2087 putasse,
738 2002 911 2067 historiam
938 2004 1066 2088 proprie

111 2093 174 2157 dici
195 2092 414 2156 narrationem
436 2112 546 2155 earum
568 2112 688 2174 rerum,
716 2090 831 2173 quibus
856 2092 1010 2175 gerendis
1031 2092 1067 2176 is,

111 2181 166 2264 qui
189 2202 243 2269 eas
266 2182 425 2262 narraret,
447 2175 695 2264 interfuissem).
723 2176 810 2253 Quos
833 2181 984 2261 quamvis
1002 2201 1067 2246 nou

111 2288 239 2349 sequor,
267 2303 309 2313 -
340 2288 445 2349 neque
477 2268 563 2331 enim
594 2267 747 2350 pauciora
778 2268 835 2330 aut
864 2266 991 2332 leviora
1022 2269 1068 2333 in·

111 2353 279 2418 commoda
308 2352 393 2417 hanc
429 2375 526 2438 quam
556 2355 645 2418 illam
677 2353 898 2419 definitionem
924 2375 1068 2440 sequun-

24 2509 28 2513 ,
109 2446 176 2523 tur,
199 2475 241 2486 -
264 2441 514 2505 tolerabiliorem
535 2444 646 2504 tamen
670 2441 801 2508 illorum
828 2462 973 2508 errorem
1000 2464 1069 2509 esse

111 2528 258 2592 arbItror.

178 2615 344 2692 Quomodo
372 2616 473 2700 igitur
500 2614 670 2680 historiam
697 2617 907 2682 definiemus?
943 2617 1070 2685 Iniuste

112 2705 199 2771 enim
224 2704 431 2791 reprehendit
453 2705 571 2789 aliena,
599 2705 654 2789 qui
679 2707 814 2771 meliora
839 2727 908 2770 non
934 2707 1071 2791 profert

111 2794 276 2861 Historiae
312 2817 443 2880 nomen,
480 2795 657 2879 auditores,
692 2816 761 2860 non
795 2797 924 2858 tantum
960 2818 1072 2861 rerum

113 2890 289 2971 gestarum,
319 2886 375 2950 sed
403 2885 618 2969 quarumlibet
644 2905 751 2947 rerum
772 2882 997 2950 narrationem
1019 2905 1072 2949 ex-

112 2976 371 3057 positionemque
394 2975 564 3058 significat,
600 2970 652 3035 Sic
672 2970 864 3035 Aristoteles
884 2991 940 3036 eos
959 2972 1073 3058 libros,

113 3062 229 3140 quibus
265 3061 396 3143 ingenia
428 3063 461 3124 et
491 3062 624 3122 naturas
657 3059 845 3123 animalium
879 3064 1073 3141 persecutus

113 3148 176 3226 est,
197 3148 325 3210 vocavit
348 3147 517 3212 historiam
536 3145 735 3229 animalium3
759 3148 804 3212 sic
823 3146 1074 3230 Theophrastus
1165 3185 1166 3214 l

111 3229 282 3296 historiam
310 3235 471 3317 stirpium,
504 3232 549 3296 sic
584 3233 720 3316 denique
749 3233 783 3299 Ο.
809 3234 935 3299 Plinius
967 3237 1075 3303 libros
1165 3231 1166 3236 ¹

113 3339 189 3385 suos
220 3320 377 3384 naturalis
413 3320 567 3386 historiae
599 3321 772 3407 inscripsit
818 3321 941 3398 Quibus
978 3325 1076 3392 libris

167 3511 279 3583 osen.
300 3511 334 3566 u.
354 3512 386 3565 Α.
406 3512 440 3567 v.
460 3518 500 3568 rs.
