2332 3824
107 178 173 244 202
455 179 663 238 PRAEFATIO
682 182 718 239 11.

565 428 605 494 Π.

323 568 366 635 Μ.
390 567 615 636 ANTONIUS
638 568 855 637 MURETUS

428 709 562 762 ΙΑΟΟΒΟ
581 708 741 762 SURIANO

358 831 814 875 ranarerovurnro

537 953 559 988 ⁸·
576 939 633 1000 1Η)

172 1080 331 1158 Quidnam
354 1102 424 1146 esse
451 1101 565 1144 causae
592 1079 749 1163 dicemus,
776 1078 897 1146 Iacobe
927 1081 1067 1169 Suriane,

105 1193 173 1254 our,
197 1192 269 1235 cum
292 1169 435 1234 omnium
452 1169 613 1252 voluptas,
635 1168 709 1251 ipsa
731 1167 810 1233 duce
834 1171 937 1255 atque
962 1173 1067 1257 impel-

104 1259 189 1321 lente
211 1261 341 1340 natura,
365 1257 523 1340 dirigatur
536 1255 577 1320 ad
590 1256 724 1338 bonum,
746 1258 816 1320 tam
837 1260 940 1340 pauci
963 1265 1068 1326 tamen

104 1366 143 1407 ex
164 1344 348 1409 hominibus
371 1364 421 1427 ea,
445 1365 526 1428 quae
548 1364 622 1407 vere
644 1343 731 1407 bona
754 1346 843 1429 sunt,
868 1366 1067 1434 consequan-

103 1433 178 1497 tur?
223 1431 297 1497 'libi
325 1431 453 1517 quidem
479 1431 629 1517 inprimis
656 1431 750 1495 facile
777 1431 811 1495 id
838 1433 883 1496 ad
907 1439 1067 1520 explican-

104 1521 180 1585 dum
202 1521 312 1605 fuerit,
336 1521 391 1605 qui
414 1542 486 1585 cum
508 1523 685 1584 ceterarum
699 1519 817 1583 artium
841 1521 985 1590 seientia
1003 1549 1067 1611 per·

102 1610 223 1692 politus
246 1629 293 1692 es,
322 1613 392 1673 tum
419 1609 454 1673 in
480 1607 703 1691 philosophiae
727 1607 833 1673 studio
856 1609 907 1674 ita
931 1615 1067 1699 excellis,

102 1701 139 1760 ut
161 1699 266 1761 cetera
290 1697 417 1781 quidem
439 1696 500 1760 tibi
523 1695 704 1760 communia
726 1717 798 1760 cum
821 1698 950 1784 multis,
975 1703 1067 1767 huius

101 1789 159 1850 tua
187 1785 421 1870 quodammodo
450 1785 581 1867 propria
607 1783 768 1868 possessio
795 1784 955 1853 videatur.
1009 1789 1067 1856 sed

101 1876 224 1956 tamen,
257 1874 332 1959 quia
362 1895 423 1938 nos
456 1893 581 1957 quoque
612 1891 716 1956 neque
747 1893 892 1956 unquam
923 1877 1067 1942 alienia

101 1963 306 2045 philosophia
328 1961 460 2046 fuimus,
483 1962 517 2024 et
537 1981 624 2024 nunc
645 1959 797 2044 maxime,
819 1961 871 2025 vel
896 1965 1066 2031 voluntate

101 2053 214 2115 nostra
227 2051 278 2140 vel
291 2050 386 2113 rebus
400 2050 447 2112 ita
460 2048 649 2132 ferentibus,
676 2047 961 2137 philosophamur,
986 2077 1066 2140 quae

101 2140 195 2203 nobis
218 2138 279 2202 hac
303 2138 340 2202 de
363 2136 634 2222 recogitantibus
657 2135 829 2200 veniebant
851 2137 888 2200 in
910 2147 1066 2228 mentem,

101 2248 140 2290 ea
161 2226 301 2290 breviter
321 2225 383 2289 hoc
405 2226 476 2290 loeo
500 2228 533 2288 et
555 2225 691 2288 strictim
712 2224 900 2307 aperiemus.

168 2312 328 2388 Quoniam
358 2313 470 2397 igitur,
503 2334 584 2397 quae
613 2312 773 2376 naturalia
801 2316 890 2397 sunt,
924 2316 964 2381 in
995 2323 1065 2385 toto

100 2421 216 2485 genere
244 2403 331 2483 sunt,
361 2403 394 2464 et
420 2401 500 2464 hacc
526 2400 604 2464 boni
632 2400 787 2484 appetitio
814 2404 979 2470 naturalis
1008 2412 1066 2492 est,

99 2491 148 2572 fit,
179 2488 298 2552 nullius
325 2492 363 2551 ut
392 2488 533 2552 hominis
560 2488 607 2550 ita
634 2489 677 2551 sit
704 2488 895 2572 depravatus
924 2495 1065 2579 animus,

100 2577 178 2662 quin
200 2576 251 2639 vel
274 2575 382 2657 adid,
413 2575 498 2659 quod
524 2574 645 2638 bonum
668 2580 730 2660 est,
756 2577 807 2641 vel
830 2577 871 2641 ad
898 2578 947 2665 id,
979 2584 1067 2669 quod

98 2665 167 2749 ipse
194 2664 315 2728 bonum
344 2665 450 2747 putat,
481 2662 617 2727 consilia
643 2664 919 2750 cogitationesque
950 2691 1065 2736 omnes

100 2754 219 2841 dirigat
245 2776 328 2819 suas.
378 2750 500 2830 Quibus
528 2755 634 2817 autem
665 2752 884 2837 impediuntur
915 2756 1065 2844 plerique

100 2866 120 2907 a
146 2865 337 2930 magnarum
359 2844 657 2928 praeclararumque
679 2862 785 2905 rerum
808 2841 998 2931 adeptione,
1027 2869 1065 2913 ea

100 2937 238 3015 quatuor
263 2933 328 2996 fere
358 2954 427 2996 esse
455 2931 681 2995 animadverto.
730 2927 797 2994 Alii
823 2930 911 2994 enim
941 2932 1064 3002 iudicio

98 3017 264 3102 labuntur,
291 3020 386 3102 idque
414 3017 597 3098 dupliciter:
625 3020 662 3081 ut
685 3020 741 3081 aut
765 3017 874 3101 pravis
897 3020 1064 3103 opinioni·

97 3102 158 3165 bus
181 3105 336 3186 impediti,
358 3102 592 3187 praetermissis
605 3104 701 3169 rebus
715 3127 788 3170 vere
808 3104 918 3191 bonis,
942 3108 1062 3178 inanes

99 3188 254 3271 quasdam
289 3191 459 3274 minusque
494 3190 674 3256 fructuosas
711 3194 947 3280 amplexentur,
996 3204 1056 3265 aut

99 3297 171 3340 cum
192 3276 276 3338 recte
300 3276 485 3357 statuerint,
513 3277 590 3360 quid
617 3280 707 3363 sequi
733 3281 884 3366 debeant,
912 3285 987 3350 aliis
1012 3250 1064 3353 aas

151 3435 176 3501 ²¹²)
201 3429 357 3486 Praemisso
380 3432 424 3484 est
447 3429 568 3500 epistola
590 3434 703 3488 scholiis
726 3435 756 3489 in
783 3435 960 3511 Terentium,
986 3461 1062 3512 quae

99 3503 263 3572 prodierunt
281 3500 407 3556 Venetiis
427 3517 451 3555 a.
474 3508 550 3557 1555.
