2332 3824
100 194 166 260 208
319 202 327 215 ·
442 192 652 248 renarrem
670 193 720 249 111.

96 334 253 425 nullos,*)
286 338 341 423 qui
373 336 490 402 abhinc
517 336 687 421 sexaginta
720 338 790 402 fere
822 339 934 405 vixere
963 362 1057 422 annos,

98 450 234 514 quorum
257 430 421 511 poemata,
445 424 619 507 orationes,
643 425 818 511 epistolas,
844 449 920 493 cum
944 432 1057 513 propter

97 537 282 600 perversum
301 519 334 578 et
351 515 462 597 inepta
480 512 682 577 affectatione
703 518 899 599 corruptum
921 517 1057 604 loquendi

98 625 213 689 genus,
246 602 331 686 quod
359 605 448 666 actas
479 601 536 665 illa
563 601 735 685 extulerat,
770 602 844 668 sine
877 605 949 671 risu
979 605 1055 671 hodie

97 713 194 756 nemo
216 690 320 774 legat:
344 689 518 754 eorundem
539 691 650 753 tamen
663 689 789 773 scripta
803 694 982 777 quaedam,
1003 693 1055 779 qui·

97 780 158 842 bus
188 777 244 841 lux
266 777 375 861 aliqua
397 776 531 843 vetustis
554 777 767 861 scriptoribus
791 779 946 866 affertur,
973 781 1055 847 omui·

98 866 158 930 bus
172 865 292 954 vigent.
328 863 488 950 Denique,
511 886 606 949 quem
630 865 700 929 sola
723 869 890 934 sermonis
913 869 1056 956 elegantia

98 953 304 1038 suavitasque
327 953 543 1036 commendat,
571 952 600 1018 is
624 955 766 1018 aetatem
788 955 878 1021 ferre
902 959 986 1025 liber
1004 977 1056 1023 non

98 1045 221 1127 potest3
250 1045 345 1107 etex
368 1064 432 1127 quo
459 1042 581 1106 fructus
605 1041 729 1126 aliquid
751 1043 978 1133 utilitatisque
1001 1067 1055 1131 per·

100 1132 226 1215 cipitur,

169 1251 228 1304 Hic
248 1255 333 1304 meret
351 1267 418 1305 aero
436 1250 505 1304 liber
522 1248 624 1315 Sociis,
642 1248 688 1304 aa
705 1254 732 1305 et
748 1267 828 1307 marc
845 1256 969 1325 transd,

169 1320 210 1372 Et
230 1321 341 1389 lorcyum
359 1325 424 1375 acto
442 1320 573 1388 emptori
587 1325 724 1390 prorepat
741 1324 903 1395 aeomn.·**)

164 1427 237 1514 Ego
261 1429 381 1530 autem,
404 1425 581 1530 ldccenice,
604 1449 686 1530 quae
706 1429 872 1530 cupiditas
897 1433 937 1498 in
952 1435 1057 1536 optimc

99 1537 388 1688 altstat?
397 1516 843 1688 ltlsfltlttsslttt
856 1522 1059 1697 §tttgtt

101 1693 141 1757 ab
169 1714 208 1756 ea
233 1713 400 1777 nunquam
431 1713 484 1756 me
512 1692 716 1757 abhorruisse
743 1693 916 1762 confiteor.
970 1699 1060 1777 Quam
1097 1712 1099 1767 l

101 1782 237 1846 adrem
266 1803 338 1844 cum
365 1780 446 1844 illud
470 1779 564 1864 mihi,
596 1779 634 1843 de
663 1801 727 1865 quo
755 1783 833 1845 ante
863 1783 949 1870 dixi,
982 1785 1061 1873 quasi

101 1869 374 1953 compendiarium
402 1889 472 1934 esse
498 1869 561 1932 iter
587 1867 740 1951 viderem,
771 1889 974 1955 progressus
1001 1895 1061 1941 sum

100 1959 136 2022 in
159 1979 210 2041 eo,
234 1956 339 2041 quoad
360 1957 464 2041 potui,
488 1959 521 2020 et
542 1955 693 2040 progredi
713 1976 826 2041 porro,
851 1960 882 2024 si
902 1963 977 2028 vita
999 1985 1061 2047 sup·

101 2045 303 2129 peditarerit,
330 2045 445 2128 cogito.
490 2043 580 2128 Ergo
607 2043 671 2107 alia
697 2043 792 2128 alias,
824 2066 936 2132 nuper
965 2055 1061 2116 autem

102 2136 240 2218 quatuor
262 2131 425 2198 Ciceronis
451 2132 487 2196 im
510 2130 683 2197 Catilinam
710 2131 877 2199 orationes
906 2139 982 2204 turn
1003 2141 1061 2205 vin-

102 2222 205 2286 dieavi
237 2242 256 2284 a
286 2220 396 2284 multis
428 2220 566 2303 mendis,
599 2241 680 2304 quae
711 2219 747 2282 in
778 2220 825 2284 eis
858 2221 1062 2292 librariorum

101 2309 180 2372 vitio
206 2308 403 2390 insederant,
429 2311 500 2371 tum
527 2308 635 2372 addita
661 2307 751 2372 brevi
778 2307 1004 2380 declaratione
1024 2316 1063 2381 f-

102 2395 226 2459 ciliores
250 2396 290 2458 ad
316 2395 561 2479 intelligendum
588 2396 686 2460 effeci.
730 2393 827 2460 Hunc
853 2419 1000 2480 parvum
1025 2405 1063 2468 la-

101 2482 189 2546 boris
212 2483 276 2544 mei
297 2483 438 2546 fructum
456 2483 563 2547 venire
586 2483 622 2545 in
643 2483 811 2548 hominum
834 2505 958 2555 manus
978 2513 1064 2557 orna·

101 2573 171 2634 tum
204 2569 480 2633 commendatione
511 2568 561 2632 tui
591 2571 733 2636 nominis
761 2571 857 2637 volui.
911 2575 1064 2663 Primum,

103 2658 189 2744 quod
210 2657 274 2743 ipsi
295 2655 392 2741 libro,
414 2677 529 2740 parum
552 2678 591 2721 ex
613 2679 665 2723 me
679 2659 880 2726 auctoritatis
905 2664 1064 2750 habituro,

103 2749 242 2814 multum
265 2768 304 2813 ex
329 2749 362 2812 te
385 2767 587 2813 accessurum
609 2746 777 2832 dignitatis
800 2769 838 2812 ac
867 2755 999 2834 gratiae
1021 2757 1064 2820 in-

103 2839 301 2924 telligebam,
328 2838 364 2902 in
390 2859 467 2922 quc,
495 2856 701 2922 quaecuuque
728 2837 786 2899 aut
812 2836 854 2900 ad
878 2843 1064 2926 amplitudi-

103 2948 178 2991 nem
196 2925 337 2992 nomimis
361 2930 418 2989 aut
436 2926 477 2989 ad
495 2924 718 2989 devinciendas
737 2923 880 2989 amicitia
893 2926 1064 2996 hominum

104 3014 286 3077 voluntates
308 3014 430 3093 valent,
459 3032 585 3074 summa
607 3033 677 3076 csse
700 3011 808 3077 omnia
831 3014 1064 3085 animadverto.

103 3098 189 3160 Nam
217 3100 283 3162 sive
311 3098 437 3180 generis
465 3096 643 3161 claritatem
674 3099 879 3185 requirimus,
913 3106 969 3170 cui
996 3111 1063 3173 tan-

103 3182 189 3264 dem,
217 3185 272 3264 qui
294 3183 413 3248 Veneti
434 3182 560 3263 imperii
582 3206 701 3251 nomen
724 3188 894 3273 audiverit,
922 3190 1062 3260 Meceni·

104 3291 159 3335 cae
178 3269 285 3354 gentis
303 3269 454 3351 splendor
470 3269 601 3352 ignotus
620 3275 691 3338 est?
718 3274 806 3350 Quae
829 3277 962 3361 quidem
986 3304 1064 3369 gens

158 3447 183 3515 *)
202 3442 333 3514 Intellige
361 3441 399 3496 Io.
428 3441 547 3511 Baptist.
570 3443 664 3516 Pium,
692 3448 833 3503 Marinum
855 3450 1063 3527 Becichemum,

104 3518 253 3586 utrumque
272 3512 439 3570 Beroaldum
458 3515 510 3569 etc.
537 3513 647 3570 Rabct.
710 3519 751 3585 **)
769 3519 836 3574 Hor.
855 3522 888 3576 A.
908 3523 938 3578 P.
960 3533 1022 3582 345.
1043 3547 1062 3583 a
