<?xml version="1.0" encoding="UTF-8"?>
<!DOCTYPE html PUBLIC "-//W3C//DTD XHTML 1.0 Transitional//EN"
    "http://www.w3.org/TR/xhtml1/DTD/xhtml1-transitional.dtd">
<html xmlns="http://www.w3.org/1999/xhtml" xml:lang="en" lang="en">
 <head>
  <title>
</title>
<meta http-equiv="Content-Type" content="text/html;charset=utf-8" />
  <meta name='ocr-system' content='tesseract 3.04.00' />
  <meta name='ocr-capabilities' content='ocr_page ocr_carea ocr_par ocr_line ocrx_word'/>
</head>
<body>
  <div class='ocr_page' id='page_1' title='image "./scriptaselecta00muregoog_0064.png"; bbox 0 0 2400 3870; ppageno 0'>
   <div class='ocr_carea' id='block_1_1' title="bbox 498 180 1068 244">
    <p class='ocr_par' dir='ltr' id='par_1_1' title="bbox 498 180 1068 244">
     <span class='ocr_line' id='line_1_1' title="bbox 498 180 1068 244; baseline -0.004 -7"><span class='ocrx_word' id='word_1_1' title='bbox 498 181 635 237; x_wconf 84' lang='lat' dir='ltr'><strong>ORATIO</strong></span> <span class='ocrx_word' id='word_1_2' title='bbox 654 182 688 236; x_wconf 87' lang='lat' dir='ltr'>V.</span> <span class='ocrx_word' id='word_1_3' title='bbox 1024 180 1068 244; x_wconf 87' lang='lat'>49</span> 
     </span>
    </p>
   </div>
   <div class='ocr_carea' id='block_1_2' title="bbox 113 324 1193 3636">
    <p class='ocr_par' dir='ltr' id='par_1_2' title="bbox 113 324 1193 2145">
     <span class='ocr_line' id='line_1_2' title="bbox 113 324 1070 410; baseline -0.004 -19"><span class='ocrx_word' id='word_1_4' title='bbox 113 328 161 392; x_wconf 88' lang='lat' dir='ltr'>ita</span> <span class='ocrx_word' id='word_1_5' title='bbox 179 326 258 410; x_wconf 90' lang='lat' dir='ltr'>sint,</span> <span class='ocrx_word' id='word_1_6' title='bbox 275 324 503 410; x_wconf 75' lang='lat' dir='ltr'>&#39;quamcunque</span> <span class='ocrx_word' id='word_1_7' title='bbox 523 325 594 408; x_wconf 90' lang='lat' dir='ltr'>quis</span> <span class='ocrx_word' id='word_1_8' title='bbox 611 325 697 389; x_wconf 84' lang='lat' dir='ltr'>vitae</span> <span class='ocrx_word' id='word_1_9' title='bbox 715 324 801 388; x_wconf 85' lang='lat' dir='ltr'>viam</span> <span class='ocrx_word' id='word_1_10' title='bbox 818 324 945 409; x_wconf 80' lang='lat' dir='ltr'>ingredi</span> <span class='ocrx_word' id='word_1_11' title='bbox 966 326 1070 408; x_wconf 87' lang='lat' dir='ltr'>parat,</span> 
     </span>
     <span class='ocr_line' id='line_1_3' title="bbox 113 412 1070 498; baseline -0.004 -18"><span class='ocrx_word' id='word_1_12' title='bbox 113 416 161 480; x_wconf 88' lang='lat' dir='ltr'>ita</span> <span class='ocrx_word' id='word_1_13' title='bbox 184 417 324 479; x_wconf 89' lang='lat' dir='ltr'>statuere</span> <span class='ocrx_word' id='word_1_14' title='bbox 348 413 456 498; x_wconf 91' lang='lat' dir='ltr'>debet,</span> <span class='ocrx_word' id='word_1_15' title='bbox 484 416 662 478; x_wconf 87' lang='lat' dir='ltr'>ceterarum</span> <span class='ocrx_word' id='word_1_16' title='bbox 683 412 907 497; x_wconf 84' lang='lat' dir='ltr'><strong>philosophiae</strong></span> <span class='ocrx_word' id='word_1_17' title='bbox 929 412 1070 496; x_wconf 81' lang='lat' dir='ltr'>partium</span> 
     </span>
     <span class='ocr_line' id='line_1_4' title="bbox 115 500 1193 588; baseline -0.003 -20"><span class='ocrx_word' id='word_1_18' title='bbox 115 502 337 588; x_wconf 82' lang='lat' dir='ltr'>cognitionem</span> <span class='ocrx_word' id='word_1_19' title='bbox 364 501 425 566; x_wconf 91' lang='lat' dir='ltr'>sibi</span> <span class='ocrx_word' id='word_1_20' title='bbox 454 504 487 568; x_wconf 89' lang='lat' dir='ltr'>et</span> <span class='ocrx_word' id='word_1_21' title='bbox 515 501 628 564; x_wconf 91' lang='lat' dir='ltr'>utilem</span> <span class='ocrx_word' id='word_1_22' title='bbox 655 503 688 565; x_wconf 91' lang='lat' dir='ltr'>et</span> <span class='ocrx_word' id='word_1_23' title='bbox 717 500 943 584; x_wconf 87' lang='lat' dir='ltr'>honorificam,</span> <span class='ocrx_word' id='word_1_24' title='bbox 974 500 1069 565; x_wconf 89' lang='lat' dir='ltr'>huius</span> <span class='ocrx_word' id='word_1_25' title='bbox 1191 546 1193 552; x_wconf 85' lang='lat'>·</span> 
     </span>
     <span class='ocr_line' id='line_1_5' title="bbox 114 586 1070 675; baseline -0.003 -20"><span class='ocrx_word' id='word_1_26' title='bbox 114 592 211 675; x_wconf 89' lang='lat' dir='ltr'>plane</span> <span class='ocrx_word' id='word_1_27' title='bbox 233 589 448 655; x_wconf 86' lang='lat' dir='ltr'>necessariam</span> <span class='ocrx_word' id='word_1_28' title='bbox 470 610 548 654; x_wconf 90' lang='lat' dir='ltr'>esse.</span> <span class='ocrx_word' id='word_1_29' title='bbox 585 586 647 654; x_wconf 80' lang='lat' dir='ltr'>Sed</span> <span class='ocrx_word' id='word_1_30' title='bbox 668 591 745 653; x_wconf 91' lang='lat' dir='ltr'>sunt</span> <span class='ocrx_word' id='word_1_31' title='bbox 768 589 898 671; x_wconf 87' lang='lat' dir='ltr'>quidam</span> <span class='ocrx_word' id='word_1_32' title='bbox 919 609 1070 672; x_wconf 86' lang='lat' dir='ltr'>perverso</span> 
     </span>
     <span class='ocr_line' id='line_1_6' title="bbox 115 676 1072 763; baseline -0.002 -21"><span class='ocrx_word' id='word_1_33' title='bbox 115 678 263 744; x_wconf 87' lang='lat' dir='ltr'>homines</span> <span class='ocrx_word' id='word_1_34' title='bbox 284 677 431 763; x_wconf 84' lang='lat' dir='ltr'>ingenio,</span> <span class='ocrx_word' id='word_1_35' title='bbox 454 677 509 760; x_wconf 91' lang='lat' dir='ltr'>qui</span> <span class='ocrx_word' id='word_1_36' title='bbox 532 697 674 761; x_wconf 81' lang='lat' dir='ltr'><strong>caussas,</strong></span> <span class='ocrx_word' id='word_1_37' title='bbox 696 680 829 761; x_wconf 89' lang='lat' dir='ltr'>propter</span> <span class='ocrx_word' id='word_1_38' title='bbox 852 698 931 760; x_wconf 90' lang='lat' dir='ltr'>quas</span> <span class='ocrx_word' id='word_1_39' title='bbox 954 680 987 740; x_wconf 91' lang='grc'>01</span> <span class='ocrx_word' id='word_1_40' title='bbox 1009 676 1072 760; x_wconf 87' lang='lat' dir='ltr'>ipsi</span> 
     </span>
     <span class='ocr_line' id='line_1_7' title="bbox 117 764 1071 850; baseline -0.001 -21"><span class='ocrx_word' id='word_1_41' title='bbox 117 789 137 830; x_wconf 94' lang='lat' dir='ltr'>a</span> <span class='ocrx_word' id='word_1_42' title='bbox 163 766 354 850; x_wconf 88' lang='lat' dir='ltr'>pulcerrimo</span> <span class='ocrx_word' id='word_1_43' title='bbox 387 764 493 830; x_wconf 86' lang='lat' dir='ltr'>studio</span> <span class='ocrx_word' id='word_1_44' title='bbox 522 765 718 849; x_wconf 88' lang='lat' dir='ltr'>abstineant,</span> <span class='ocrx_word' id='word_1_45' title='bbox 751 768 783 828; x_wconf 89' lang='lat' dir='ltr'>et</span> <span class='ocrx_word' id='word_1_46' title='bbox 810 765 851 830; x_wconf 91' lang='lat' dir='ltr'>ab</span> <span class='ocrx_word' id='word_1_47' title='bbox 882 764 995 829; x_wconf 90' lang='lat' dir='ltr'>eodem</span> <span class='ocrx_word' id='word_1_48' title='bbox 1022 785 1071 828; x_wconf 90' lang='lat' dir='ltr'>ce·</span> 
     </span>
     <span class='ocr_line' id='line_1_8' title="bbox 117 851 1071 937; baseline -0.002 -19"><span class='ocrx_word' id='word_1_49' title='bbox 117 857 204 918; x_wconf 88' lang='lat' dir='ltr'>teros</span> <span class='ocrx_word' id='word_1_50' title='bbox 228 856 376 937; x_wconf 88' lang='lat' dir='ltr'>avocent,</span> <span class='ocrx_word' id='word_1_51' title='bbox 399 852 692 918; x_wconf 88' lang='lat' dir='ltr'>comminiscuntur.</span> <span class='ocrx_word' id='word_1_52' title='bbox 734 851 858 917; x_wconf 86' lang='lat' dir='ltr'>Partim</span> <span class='ocrx_word' id='word_1_53' title='bbox 880 853 967 917; x_wconf 90' lang='lat' dir='ltr'>enim</span> <span class='ocrx_word' id='word_1_54' title='bbox 988 874 1071 917; x_wconf 90' lang='lat' dir='ltr'>com·</span> 
     </span>
     <span class='ocr_line' id='line_1_9' title="bbox 118 940 1072 1024; baseline -0.002 -18"><span class='ocrx_word' id='word_1_55' title='bbox 118 941 229 1006; x_wconf 89' lang='lat' dir='ltr'>munia</span> <span class='ocrx_word' id='word_1_56' title='bbox 251 945 285 1006; x_wconf 91' lang='lat' dir='ltr'>et</span> <span class='ocrx_word' id='word_1_57' title='bbox 311 942 450 1006; x_wconf 75' lang='grc'><strong>0011111111</strong></span> <span class='ocrx_word' id='word_1_58' title='bbox 477 962 546 1006; x_wconf 88' lang='lat' dir='ltr'>esse</span> <span class='ocrx_word' id='word_1_59' title='bbox 570 940 693 1023; x_wconf 88' lang='lat' dir='ltr'>dicunt,</span> <span class='ocrx_word' id='word_1_60' title='bbox 720 962 801 1023; x_wconf 88' lang='lat' dir='ltr'>quae</span> <span class='ocrx_word' id='word_1_61' title='bbox 827 941 882 1005; x_wconf 91' lang='lat' dir='ltr'>hic</span> <span class='ocrx_word' id='word_1_62' title='bbox 909 941 1072 1024; x_wconf 80' lang='lat' dir='ltr'>docentur,</span> 
     </span>
     <span class='ocr_line' id='line_1_10' title="bbox 118 1029 1072 1112; baseline -0.001 -18"><span class='ocrx_word' id='word_1_63' title='bbox 118 1032 156 1094; x_wconf 91' lang='lat' dir='ltr'>ut</span> <span class='ocrx_word' id='word_1_64' title='bbox 179 1029 219 1093; x_wconf 91' lang='lat' dir='ltr'>ad</span> <span class='ocrx_word' id='word_1_65' title='bbox 238 1051 276 1093; x_wconf 89' lang='lat' dir='ltr'>ea</span> <span class='ocrx_word' id='word_1_66' title='bbox 297 1029 502 1112; x_wconf 89' lang='lat' dir='ltr'>percipienda</span> <span class='ocrx_word' id='word_1_67' title='bbox 520 1029 650 1093; x_wconf 88' lang='lat' dir='ltr'>doctore</span> <span class='ocrx_word' id='word_1_68' title='bbox 669 1029 751 1093; x_wconf 87' lang='lat' dir='ltr'>nihil</span> <span class='ocrx_word' id='word_1_69' title='bbox 774 1051 854 1112; x_wconf 90' lang='lat' dir='ltr'>opus</span> <span class='ocrx_word' id='word_1_70' title='bbox 878 1029 933 1111; x_wconf 93' lang='lat' dir='ltr'>sit,</span> <span class='ocrx_word' id='word_1_71' title='bbox 955 1029 1072 1112; x_wconf 87' lang='lat' dir='ltr'>partim</span> 
     </span>
     <span class='ocr_line' id='line_1_11' title="bbox 119 1117 1072 1201; baseline -0.004 -19"><span class='ocrx_word' id='word_1_72' title='bbox 119 1139 187 1182; x_wconf 89' lang='lat' dir='ltr'>non</span> <span class='ocrx_word' id='word_1_73' title='bbox 213 1117 333 1182; x_wconf 81' lang='lat' dir='ltr'>habere</span> <span class='ocrx_word' id='word_1_74' title='bbox 360 1138 432 1182; x_wconf 89' lang='lat' dir='ltr'>eam</span> <span class='ocrx_word' id='word_1_75' title='bbox 457 1117 536 1201; x_wconf 87' lang='lat' dir='ltr'>vim,</span> <span class='ocrx_word' id='word_1_76' title='bbox 565 1119 603 1181; x_wconf 95' lang='lat' dir='ltr'>ut</span> <span class='ocrx_word' id='word_1_77' title='bbox 629 1117 670 1181; x_wconf 89' lang='lat' dir='ltr'>ad</span> <span class='ocrx_word' id='word_1_78' title='bbox 696 1117 825 1181; x_wconf 84' lang='lat' dir='ltr'>virtutis</span> <span class='ocrx_word' id='word_1_79' title='bbox 853 1117 995 1182; x_wconf 87' lang='lat' dir='ltr'>studium</span> <span class='ocrx_word' id='word_1_80' title='bbox 1022 1138 1072 1180; x_wconf 86' lang='lat' dir='ltr'>ex-</span> 
     </span>
     <span class='ocr_line' id='line_1_12' title="bbox 119 1203 1073 1290; baseline -0.003 -20"><span class='ocrx_word' id='word_1_81' title='bbox 119 1206 227 1270; x_wconf 89' lang='lat' dir='ltr'>citent.</span> <span class='ocrx_word' id='word_1_82' title='bbox 260 1203 359 1271; x_wconf 81' lang='lat' dir='ltr'>Ouius</span> <span class='ocrx_word' id='word_1_83' title='bbox 381 1205 429 1270; x_wconf 90' lang='lat' dir='ltr'>rei</span> <span class='ocrx_word' id='word_1_84' title='bbox 450 1208 677 1290; x_wconf 69' lang='lat' dir='ltr'>argumentum</span> <span class='ocrx_word' id='word_1_85' title='bbox 699 1205 831 1288; x_wconf 90' lang='lat' dir='ltr'>capiunt</span> <span class='ocrx_word' id='word_1_86' title='bbox 851 1226 890 1269; x_wconf 84' lang='lat' dir='ltr'>ex</span> <span class='ocrx_word' id='word_1_87' title='bbox 912 1226 964 1289; x_wconf 91' lang='lat' dir='ltr'>eo,</span> <span class='ocrx_word' id='word_1_88' title='bbox 988 1203 1073 1288; x_wconf 90' lang='lat' dir='ltr'>quod</span> 
     </span>
     <span class='ocr_line' id='line_1_13' title="bbox 118 1292 1074 1376; baseline -0.002 -18"><span class='ocrx_word' id='word_1_89' title='bbox 118 1294 368 1360; x_wconf 89' lang='lat' dir='ltr'>innumerabiles</span> <span class='ocrx_word' id='word_1_90' title='bbox 392 1297 425 1358; x_wconf 93' lang='grc'>01</span> <span class='ocrx_word' id='word_1_91' title='bbox 452 1294 529 1360; x_wconf 88' lang='lat' dir='ltr'>olim</span> <span class='ocrx_word' id='word_1_92' title='bbox 550 1293 683 1358; x_wconf 87' lang='lat' dir='ltr'>fuerunt</span> <span class='ocrx_word' id='word_1_93' title='bbox 710 1296 744 1357; x_wconf 88' lang='lat' dir='ltr'>et</span> <span class='ocrx_word' id='word_1_94' title='bbox 769 1292 866 1359; x_wconf 88' lang='lat' dir='ltr'>hodie</span> <span class='ocrx_word' id='word_1_95' title='bbox 894 1296 983 1375; x_wconf 89' lang='lat' dir='ltr'>sunt,</span> <span class='ocrx_word' id='word_1_96' title='bbox 1011 1293 1074 1376; x_wconf 90' lang='lat' dir='ltr'>qui,</span> 
     </span>
     <span class='ocr_line' id='line_1_14' title="bbox 119 1380 1074 1465; baseline -0.005 -17"><span class='ocrx_word' id='word_1_97' title='bbox 119 1404 193 1448; x_wconf 92' lang='lat' dir='ltr'>cnm</span> <span class='ocrx_word' id='word_1_98' title='bbox 218 1382 431 1448; x_wconf 88' lang='lat' dir='ltr'>haecomnia</span> <span class='ocrx_word' id='word_1_99' title='bbox 458 1403 492 1446; x_wconf 93' lang='lat' dir='ltr'>se</span> <span class='ocrx_word' id='word_1_100' title='bbox 521 1382 600 1446; x_wconf 87' lang='lat' dir='ltr'>scire</span> <span class='ocrx_word' id='word_1_101' title='bbox 627 1380 853 1465; x_wconf 88' lang='lat' dir='ltr'>profiteantur,</span> <span class='ocrx_word' id='word_1_102' title='bbox 880 1381 1074 1464; x_wconf 89' lang='lat' dir='ltr'>nequissime</span> 
     </span>
     <span class='ocr_line' id='line_1_15' title="bbox 119 1467 1074 1555; baseline -0.004 -20"><span class='ocrx_word' id='word_1_103' title='bbox 119 1474 230 1536; x_wconf 86' lang='lat' dir='ltr'>tamen</span> <span class='ocrx_word' id='word_1_104' title='bbox 259 1473 292 1535; x_wconf 91' lang='lat' dir='ltr'>et</span> <span class='ocrx_word' id='word_1_105' title='bbox 321 1469 572 1555; x_wconf 85' lang='lat' dir='ltr'>flagitiosissime</span> <span class='ocrx_word' id='word_1_106' title='bbox 601 1469 724 1535; x_wconf 83' lang='lat' dir='ltr'>vivunt.</span> <span class='ocrx_word' id='word_1_107' title='bbox 775 1467 897 1544; x_wconf 85' lang='lat' dir='ltr'>Quibus</span> <span class='ocrx_word' id='word_1_108' title='bbox 928 1469 1074 1552; x_wconf 86' lang='lat' dir='ltr'>utrisque</span> 
     </span>
     <span class='ocr_line' id='line_1_16' title="bbox 119 1557 1074 1642; baseline -0.002 -20"><span class='ocrx_word' id='word_1_109' title='bbox 119 1558 260 1623; x_wconf 83' lang='lat' dir='ltr'>breviter</span> <span class='ocrx_word' id='word_1_110' title='bbox 285 1558 479 1641; x_wconf 90' lang='lat' dir='ltr'>respondere</span> <span class='ocrx_word' id='word_1_111' title='bbox 500 1557 627 1622; x_wconf 87' lang='lat' dir='ltr'>institui</span> <span class='ocrx_word' id='word_1_112' title='bbox 654 1560 687 1621; x_wconf 91' lang='lat' dir='ltr'>et</span> <span class='ocrx_word' id='word_1_113' title='bbox 714 1557 853 1642; x_wconf 85' lang='lat' dir='ltr'>efficere,</span> <span class='ocrx_word' id='word_1_114' title='bbox 880 1557 907 1622; x_wconf 91' lang='lat' dir='ltr'>si</span> <span class='ocrx_word' id='word_1_115' title='bbox 933 1577 1074 1641; x_wconf 89' lang='lat' dir='ltr'>possum,</span> 
     </span>
     <span class='ocr_line' id='line_1_17' title="bbox 121 1645 1076 1730; baseline -0.001 -22"><span class='ocrx_word' id='word_1_116' title='bbox 121 1647 159 1710; x_wconf 89' lang='lat' dir='ltr'>ut</span> <span class='ocrx_word' id='word_1_117' title='bbox 179 1645 217 1727; x_wconf 90' lang='lat' dir='ltr'>ii,</span> <span class='ocrx_word' id='word_1_118' title='bbox 244 1645 300 1726; x_wconf 92' lang='lat' dir='ltr'>qui</span> <span class='ocrx_word' id='word_1_119' title='bbox 320 1645 383 1709; x_wconf 90' lang='lat' dir='ltr'>ista</span> <span class='ocrx_word' id='word_1_120' title='bbox 404 1649 524 1710; x_wconf 91' lang='lat' dir='ltr'>temere</span> <span class='ocrx_word' id='word_1_121' title='bbox 551 1645 687 1730; x_wconf 89' lang='lat' dir='ltr'>iactant,</span> <span class='ocrx_word' id='word_1_122' title='bbox 715 1648 913 1729; x_wconf 88' lang='lat' dir='ltr'>cognoscant</span> <span class='ocrx_word' id='word_1_123' title='bbox 935 1666 1076 1710; x_wconf 89' lang='lat' dir='ltr'>errorem</span> 
     </span>
     <span class='ocr_line' id='line_1_18' title="bbox 122 1732 1077 1816; baseline 0 -21"><span class='ocrx_word' id='word_1_124' title='bbox 122 1752 229 1814; x_wconf 90' lang='lat' dir='ltr'>suum,</span> <span class='ocrx_word' id='word_1_125' title='bbox 257 1751 391 1814; x_wconf 90' lang='lat' dir='ltr'>cumque</span> <span class='ocrx_word' id='word_1_126' title='bbox 418 1754 452 1797; x_wconf 88' lang='lat' dir='ltr'>se</span> <span class='ocrx_word' id='word_1_127' title='bbox 474 1732 557 1798; x_wconf 92' lang='lat' dir='ltr'>nihil</span> <span class='ocrx_word' id='word_1_128' title='bbox 584 1733 688 1797; x_wconf 87' lang='lat' dir='ltr'>dicere</span> <span class='ocrx_word' id='word_1_129' title='bbox 710 1733 855 1816; x_wconf 84' lang='lat' dir='ltr'>videant,</span> <span class='ocrx_word' id='word_1_130' title='bbox 882 1733 1077 1798; x_wconf 88' lang='lat' dir='ltr'>sententiam</span> 
     </span>
     <span class='ocr_line' id='line_1_19' title="bbox 121 1817 1075 1919; baseline -0.001 -36"><span class='ocrx_word' id='word_1_131' title='bbox 121 1821 261 1919; x_wconf 75' lang='lat' dir='ltr'>mutent3</span> <span class='ocrx_word' id='word_1_132' title='bbox 284 1817 335 1882; x_wconf 90' lang='lat' dir='ltr'>sin</span> <span class='ocrx_word' id='word_1_133' title='bbox 351 1819 475 1918; x_wconf 77' lang='lat' dir='ltr'>minus,</span> <span class='ocrx_word' id='word_1_134' title='bbox 493 1818 590 1905; x_wconf 91' lang='lat' dir='ltr'>(nihil</span> <span class='ocrx_word' id='word_1_135' title='bbox 608 1824 658 1885; x_wconf 88' lang='lat' dir='ltr'>est</span> <span class='ocrx_word' id='word_1_136' title='bbox 677 1820 763 1884; x_wconf 92' lang='lat' dir='ltr'>enim</span> <span class='ocrx_word' id='word_1_137' title='bbox 781 1821 956 1903; x_wconf 86' lang='lat' dir='ltr'>difficilius,</span> <span class='ocrx_word' id='word_1_138' title='bbox 979 1841 1075 1903; x_wconf 86' lang='lat' dir='ltr'>quam</span> 
     </span>
     <span class='ocr_line' id='line_1_20' title="bbox 121 1903 1076 2145; baseline 0.001 -87"><span class='ocrx_word' id='word_1_139' title='bbox 121 1903 780 2145; x_wconf 61' lang='lat' dir='ltr'>tttttttltttlattltttttr</span> <span class='ocrx_word' id='word_1_140' title='bbox 793 1907 1076 2061; x_wconf 53' lang='lat' dir='ltr'>tattttttt</span> 
     </span>
     <span class='ocr_line' id='line_1_21' title="bbox 123 2103 228 2145; baseline -0.01 0"><span class='ocrx_word' id='word_1_141' title='bbox 123 2103 166 2145; x_wconf 90' lang='lat' dir='ltr'>an</span> <span class='ocrx_word' id='word_1_142' title='bbox 181 2104 228 2145; x_wconf 92' lang='lat' dir='ltr'>ur.</span> 
     </span>
    </p>

    <p class='ocr_par' dir='ltr' id='par_1_3' title="bbox 122 2167 1112 3577">
     <span class='ocr_line' id='line_1_22' title="bbox 188 2167 1078 2254; baseline 0.002 -23"><span class='ocrx_word' id='word_1_143' title='bbox 188 2167 333 2232; x_wconf 91' lang='lat' dir='ltr'>Primum</span> <span class='ocrx_word' id='word_1_144' title='bbox 360 2169 461 2254; x_wconf 88' lang='lat' dir='ltr'>igitur</span> <span class='ocrx_word' id='word_1_145' title='bbox 488 2188 622 2254; x_wconf 85' lang='lat' dir='ltr'>agamus</span> <span class='ocrx_word' id='word_1_146' title='bbox 650 2191 723 2234; x_wconf 91' lang='lat' dir='ltr'>cum</span> <span class='ocrx_word' id='word_1_147' title='bbox 754 2168 839 2251; x_wconf 86' lang='lat' dir='ltr'>istis,</span> <span class='ocrx_word' id='word_1_148' title='bbox 870 2169 939 2253; x_wconf 92' lang='lat' dir='ltr'>qui,</span> <span class='ocrx_word' id='word_1_149' title='bbox 968 2172 1007 2233; x_wconf 91' lang='lat' dir='ltr'>ut</span> <span class='ocrx_word' id='word_1_150' title='bbox 1037 2168 1078 2232; x_wconf 92' lang='lat' dir='ltr'>ad</span> 
     </span>
     <span class='ocr_line' id='line_1_23' title="bbox 124 2255 1077 2341; baseline 0.002 -21"><span class='ocrx_word' id='word_1_151' title='bbox 124 2255 213 2320; x_wconf 92' lang='lat' dir='ltr'>cibos</span> <span class='ocrx_word' id='word_1_152' title='bbox 235 2256 371 2320; x_wconf 90' lang='lat' dir='ltr'>nimium</span> <span class='ocrx_word' id='word_1_153' title='bbox 393 2256 515 2341; x_wconf 85' lang='lat' dir='ltr'>dulces,</span> <span class='ocrx_word' id='word_1_154' title='bbox 541 2257 589 2321; x_wconf 91' lang='lat' dir='ltr'>ita</span> <span class='ocrx_word' id='word_1_155' title='bbox 617 2256 658 2321; x_wconf 89' lang='lat' dir='ltr'>ad</span> <span class='ocrx_word' id='word_1_156' title='bbox 681 2257 915 2339; x_wconf 72' lang='lat' dir='ltr'>disputationes</span> <span class='ocrx_word' id='word_1_157' title='bbox 942 2256 1077 2322; x_wconf 89' lang='lat' dir='ltr'>nimium</span> 
     </span>
     <span class='ocr_line' id='line_1_24' title="bbox 123 2344 1078 2429; baseline 0.001 -21"><span class='ocrx_word' id='word_1_158' title='bbox 123 2347 251 2427; x_wconf 85' lang='lat' dir='ltr'>apertas</span> <span class='ocrx_word' id='word_1_159' title='bbox 274 2348 307 2408; x_wconf 93' lang='grc'>01</span> <span class='ocrx_word' id='word_1_160' title='bbox 332 2345 443 2410; x_wconf 84' lang='lat' dir='ltr'>faciles</span> <span class='ocrx_word' id='word_1_161' title='bbox 472 2366 629 2411; x_wconf 84' lang='lat' dir='ltr'>nauseare</span> <span class='ocrx_word' id='word_1_162' title='bbox 656 2366 689 2410; x_wconf 90' lang='lat' dir='ltr'>se</span> <span class='ocrx_word' id='word_1_163' title='bbox 716 2345 836 2410; x_wconf 91' lang='lat' dir='ltr'>dicunt.</span> <span class='ocrx_word' id='word_1_164' title='bbox 885 2344 936 2410; x_wconf 82' lang='lat' dir='ltr'>Ex</span> <span class='ocrx_word' id='word_1_165' title='bbox 963 2345 1078 2429; x_wconf 90' lang='lat' dir='ltr'>quibus</span> 
     </span>
     <span class='ocr_line' id='line_1_25' title="bbox 123 2432 1077 2519; baseline 0.002 -23"><span class='ocrx_word' id='word_1_166' title='bbox 123 2432 260 2498; x_wconf 87' lang='lat' dir='ltr'>libenter</span> <span class='ocrx_word' id='word_1_167' title='bbox 278 2434 481 2519; x_wconf 88' lang='lat' dir='ltr'>quaesierim,</span> <span class='ocrx_word' id='word_1_168' title='bbox 502 2434 557 2518; x_wconf 92' lang='lat' dir='ltr'>qui</span> <span class='ocrx_word' id='word_1_169' title='bbox 577 2434 709 2499; x_wconf 87' lang='lat' dir='ltr'>tandem</span> <span class='ocrx_word' id='word_1_170' title='bbox 728 2433 799 2518; x_wconf 90' lang='lat' dir='ltr'>fiat,</span> <span class='ocrx_word' id='word_1_171' title='bbox 821 2436 871 2517; x_wconf 92' lang='lat' dir='ltr'>ut,</span> <span class='ocrx_word' id='word_1_172' title='bbox 894 2433 1010 2516; x_wconf 89' lang='lat' dir='ltr'>quibus</span> <span class='ocrx_word' id='word_1_173' title='bbox 1030 2455 1077 2498; x_wconf 91' lang='grc'>10-</span> 
     </span>
     <span class='ocr_line' id='line_1_26' title="bbox 122 2520 1079 2606; baseline 0.001 -22"><span class='ocrx_word' id='word_1_174' title='bbox 122 2520 182 2585; x_wconf 93' lang='lat' dir='ltr'>bus</span> <span class='ocrx_word' id='word_1_175' title='bbox 202 2542 313 2585; x_wconf 89' lang='lat' dir='ltr'>omnes</span> <span class='ocrx_word' id='word_1_176' title='bbox 332 2522 372 2586; x_wconf 90' lang='lat' dir='ltr'>ad</span> <span class='ocrx_word' id='word_1_177' title='bbox 391 2522 455 2587; x_wconf 86' lang='lat' dir='ltr'>alia</span> <span class='ocrx_word' id='word_1_178' title='bbox 473 2523 579 2587; x_wconf 87' lang='lat' dir='ltr'>studia</span> <span class='ocrx_word' id='word_1_179' title='bbox 596 2522 728 2588; x_wconf 81' lang='lat' dir='ltr'>invitari</span> <span class='ocrx_word' id='word_1_180' title='bbox 745 2525 842 2606; x_wconf 88' lang='lat' dir='ltr'>atque</span> <span class='ocrx_word' id='word_1_181' title='bbox 861 2522 946 2586; x_wconf 88' lang='lat' dir='ltr'>allici</span> <span class='ocrx_word' id='word_1_182' title='bbox 965 2522 1079 2605; x_wconf 90' lang='lat' dir='ltr'>solent,</span> 
     </span>
     <span class='ocr_line' id='line_1_27' title="bbox 122 2607 1078 2692; baseline 0.001 -20"><span class='ocrx_word' id='word_1_183' title='bbox 122 2607 237 2672; x_wconf 90' lang='lat' dir='ltr'>iisdem</span> <span class='ocrx_word' id='word_1_184' title='bbox 264 2629 298 2672; x_wconf 93' lang='lat' dir='ltr'>se</span> <span class='ocrx_word' id='word_1_185' title='bbox 326 2608 389 2692; x_wconf 91' lang='lat' dir='ltr'>ipsi</span> <span class='ocrx_word' id='word_1_186' title='bbox 419 2610 460 2673; x_wconf 87' lang='lat' dir='ltr'>ab</span> <span class='ocrx_word' id='word_1_187' title='bbox 488 2609 551 2675; x_wconf 90' lang='lat' dir='ltr'>hoc</span> <span class='ocrx_word' id='word_1_188' title='bbox 578 2611 685 2676; x_wconf 88' lang='lat' dir='ltr'>studio</span> <span class='ocrx_word' id='word_1_189' title='bbox 713 2610 815 2675; x_wconf 85' lang='lat' dir='ltr'>averti</span> <span class='ocrx_word' id='word_1_190' title='bbox 845 2609 1078 2692; x_wconf 85' lang='lat' dir='ltr'>absterrerique</span> 
     </span>
     <span class='ocr_line' id='line_1_28' title="bbox 124 2693 1079 2784; baseline 0.003 -26"><span class='ocrx_word' id='word_1_191' title='bbox 124 2694 241 2760; x_wconf 88' lang='lat' dir='ltr'>dicant.</span> <span class='ocrx_word' id='word_1_192' title='bbox 281 2693 375 2760; x_wconf 80' lang='lat' dir='ltr'>Certe</span> <span class='ocrx_word' id='word_1_193' title='bbox 398 2697 497 2783; x_wconf 90' lang='lat' dir='ltr'>enim,</span> <span class='ocrx_word' id='word_1_194' title='bbox 520 2719 666 2784; x_wconf 86' lang='lat' dir='ltr'>cumea,</span> <span class='ocrx_word' id='word_1_195' title='bbox 690 2720 772 2782; x_wconf 87' lang='lat' dir='ltr'>quae</span> <span class='ocrx_word' id='word_1_196' title='bbox 795 2698 963 2782; x_wconf 89' lang='lat' dir='ltr'>docentur,</span> <span class='ocrx_word' id='word_1_197' title='bbox 986 2697 1079 2762; x_wconf 92' lang='lat' dir='ltr'>utilia</span> 
     </span>
     <span class='ocr_line' id='line_1_29' title="bbox 125 2784 1079 2870; baseline 0.003 -25"><span class='ocrx_word' id='word_1_198' title='bbox 125 2784 158 2846; x_wconf 91' lang='lat' dir='ltr'>et</span> <span class='ocrx_word' id='word_1_199' title='bbox 179 2784 344 2866; x_wconf 88' lang='lat' dir='ltr'>praeclara</span> <span class='ocrx_word' id='word_1_200' title='bbox 367 2786 455 2869; x_wconf 90' lang='lat' dir='ltr'>sunt,</span> <span class='ocrx_word' id='word_1_201' title='bbox 479 2785 506 2849; x_wconf 94' lang='lat' dir='ltr'>si</span> <span class='ocrx_word' id='word_1_202' title='bbox 529 2784 642 2849; x_wconf 88' lang='lat' dir='ltr'>eodem</span> <span class='ocrx_word' id='word_1_203' title='bbox 663 2786 799 2870; x_wconf 89' lang='lat' dir='ltr'>accedit,</span> <span class='ocrx_word' id='word_1_204' title='bbox 821 2789 859 2851; x_wconf 95' lang='lat' dir='ltr'>ut</span> <span class='ocrx_word' id='word_1_205' title='bbox 881 2786 981 2869; x_wconf 85' lang='lat' dir='ltr'>clarc,</span> <span class='ocrx_word' id='word_1_206' title='bbox 1008 2807 1079 2869; x_wconf 90' lang='lat' dir='ltr'>per-</span> 
     </span>
     <span class='ocr_line' id='line_1_30' title="bbox 125 2869 1079 2957; baseline 0.003 -23"><span class='ocrx_word' id='word_1_207' title='bbox 125 2869 248 2955; x_wconf 89' lang='lat' dir='ltr'>spicua,</span> <span class='ocrx_word' id='word_1_208' title='bbox 284 2874 408 2957; x_wconf 86' lang='lat' dir='ltr'>aperta,</span> <span class='ocrx_word' id='word_1_209' title='bbox 444 2871 578 2957; x_wconf 88' lang='lat' dir='ltr'>cognitu</span> <span class='ocrx_word' id='word_1_210' title='bbox 615 2872 724 2937; x_wconf 87' lang='lat' dir='ltr'>facilia</span> <span class='ocrx_word' id='word_1_211' title='bbox 756 2873 835 2957; x_wconf 88' lang='lat' dir='ltr'>sint,</span> <span class='ocrx_word' id='word_1_212' title='bbox 871 2894 910 2938; x_wconf 93' lang='lat' dir='ltr'>eo</span> <span class='ocrx_word' id='word_1_213' title='bbox 942 2873 1079 2937; x_wconf 89' lang='lat' dir='ltr'>maiores</span> 
     </span>
     <span class='ocr_line' id='line_1_31' title="bbox 123 2959 1079 3044; baseline 0.001 -22"><span class='ocrx_word' id='word_1_214' title='bbox 123 2979 297 3024; x_wconf 88' lang='lat' dir='ltr'>concursus</span> <span class='ocrx_word' id='word_1_215' title='bbox 330 2961 371 3025; x_wconf 91' lang='lat' dir='ltr'>ad</span> <span class='ocrx_word' id='word_1_216' title='bbox 403 2982 470 3044; x_wconf 90' lang='lat' dir='ltr'>eos,</span> <span class='ocrx_word' id='word_1_217' title='bbox 503 2959 559 3044; x_wconf 89' lang='lat' dir='ltr'>qui</span> <span class='ocrx_word' id='word_1_218' title='bbox 589 2959 647 3024; x_wconf 91' lang='lat' dir='ltr'>illa</span> <span class='ocrx_word' id='word_1_219' title='bbox 676 2960 805 3044; x_wconf 91' lang='lat' dir='ltr'>docent,</span> <span class='ocrx_word' id='word_1_220' title='bbox 840 2959 911 3024; x_wconf 90' lang='lat' dir='ltr'>fieri</span> <span class='ocrx_word' id='word_1_221' title='bbox 943 2963 1079 3025; x_wconf 88' lang='lat' dir='ltr'>constat.</span> 
     </span>
     <span class='ocr_line' id='line_1_32' title="bbox 125 3044 1080 3134; baseline 0.002 -24"><span class='ocrx_word' id='word_1_222' title='bbox 125 3044 208 3121; x_wconf 84' lang='lat' dir='ltr'>Quid</span> <span class='ocrx_word' id='word_1_223' title='bbox 230 3047 330 3132; x_wconf 87' lang='lat' dir='ltr'>igitur</span> <span class='ocrx_word' id='word_1_224' title='bbox 352 3070 425 3114; x_wconf 89' lang='lat' dir='ltr'>cum</span> <span class='ocrx_word' id='word_1_225' title='bbox 446 3049 510 3114; x_wconf 89' lang='lat' dir='ltr'>illis</span> <span class='ocrx_word' id='word_1_226' title='bbox 534 3069 626 3134; x_wconf 85' lang='lat' dir='ltr'>agas,</span> <span class='ocrx_word' id='word_1_227' title='bbox 650 3048 718 3132; x_wconf 89' lang='lat' dir='ltr'>qui,</span> <span class='ocrx_word' id='word_1_228' title='bbox 742 3069 823 3131; x_wconf 90' lang='lat' dir='ltr'>quae</span> <span class='ocrx_word' id='word_1_229' title='bbox 845 3069 896 3112; x_wconf 89' lang='lat' dir='ltr'>res</span> <span class='ocrx_word' id='word_1_230' title='bbox 915 3046 957 3112; x_wconf 87' lang='lat' dir='ltr'>ad</span> <span class='ocrx_word' id='word_1_231' title='bbox 975 3047 1080 3113; x_wconf 91' lang='lat' dir='ltr'>conci-</span> 
     </span>
     <span class='ocr_line' id='line_1_33' title="bbox 123 3133 1080 3222; baseline 0.004 -26"><span class='ocrx_word' id='word_1_232' title='bbox 123 3133 233 3198; x_wconf 87' lang='lat' dir='ltr'>lianda</span> <span class='ocrx_word' id='word_1_233' title='bbox 256 3138 434 3201; x_wconf 90' lang='lat' dir='ltr'>ceterorum</span> <span class='ocrx_word' id='word_1_234' title='bbox 457 3137 563 3202; x_wconf 87' lang='lat' dir='ltr'>studia</span> <span class='ocrx_word' id='word_1_235' title='bbox 584 3137 759 3222; x_wconf 84' lang='lat' dir='ltr'>plurimum</span> <span class='ocrx_word' id='word_1_236' title='bbox 776 3138 882 3202; x_wconf 88' lang='lat' dir='ltr'>valere</span> <span class='ocrx_word' id='word_1_237' title='bbox 904 3135 1080 3221; x_wconf 86' lang='lat' dir='ltr'>consuevit,</span> 
     </span>
     <span class='ocr_line' id='line_1_34' title="bbox 124 3223 1079 3310; baseline 0.006 -25"><span class='ocrx_word' id='word_1_238' title='bbox 124 3242 162 3285; x_wconf 81' lang='lat' dir='ltr'>ea</span> <span class='ocrx_word' id='word_1_239' title='bbox 195 3244 229 3287; x_wconf 89' lang='lat' dir='ltr'>se</span> <span class='ocrx_word' id='word_1_240' title='bbox 259 3223 322 3307; x_wconf 88' lang='lat' dir='ltr'>ipsi</span> <span class='ocrx_word' id='word_1_241' title='bbox 352 3224 473 3289; x_wconf 86' lang='lat' dir='ltr'>tardari</span> <span class='ocrx_word' id='word_1_242' title='bbox 505 3246 543 3289; x_wconf 91' lang='lat' dir='ltr'>ac</span> <span class='ocrx_word' id='word_1_243' title='bbox 575 3225 697 3290; x_wconf 87' lang='lat' dir='ltr'>retrahi</span> <span class='ocrx_word' id='word_1_244' title='bbox 729 3224 842 3290; x_wconf 82' lang='lat' dir='ltr'>aiunt?</span> <span class='ocrx_word' id='word_1_245' title='bbox 892 3223 965 3310; x_wconf 79' lang='lat' dir='ltr'>Ego</span> <span class='ocrx_word' id='word_1_246' title='bbox 993 3245 1079 3309; x_wconf 86' lang='grc'><strong>1010,</strong></span> 
     </span>
     <span class='ocr_line' id='line_1_35' title="bbox 124 3309 1078 3396; baseline 0.004 -24"><span class='ocrx_word' id='word_1_247' title='bbox 124 3309 251 3375; x_wconf 87' lang='lat' dir='ltr'>etiamsi</span> <span class='ocrx_word' id='word_1_248' title='bbox 272 3315 444 3395; x_wconf 82' lang='lat' dir='ltr'>praecepta</span> <span class='ocrx_word' id='word_1_249' title='bbox 465 3313 594 3377; x_wconf 82' lang='lat' dir='ltr'>virtutis</span> <span class='ocrx_word' id='word_1_250' title='bbox 619 3313 795 3396; x_wconf 84' lang='lat' dir='ltr'>quamlibet</span> <span class='ocrx_word' id='word_1_251' title='bbox 817 3313 927 3378; x_wconf 87' lang='lat' dir='ltr'>multis</span> <span class='ocrx_word' id='word_1_252' title='bbox 953 3313 1078 3378; x_wconf 90' lang='lat' dir='ltr'>obstru-</span> 
     </span>
     <span class='ocr_line' id='line_1_36' title="bbox 125 3398 1078 3484; baseline 0.001 -23"><span class='ocrx_word' id='word_1_253' title='bbox 125 3399 177 3462; x_wconf 87' lang='lat' dir='ltr'>cta</span> <span class='ocrx_word' id='word_1_254' title='bbox 191 3398 434 3464; x_wconf 86' lang='lat' dir='ltr'>difficultatibus</span> <span class='ocrx_word' id='word_1_255' title='bbox 443 3398 560 3484; x_wconf 89' lang='lat' dir='ltr'>forent,</span> <span class='ocrx_word' id='word_1_256' title='bbox 573 3400 787 3466; x_wconf 87' lang='lat' dir='ltr'>laborandum</span> <span class='ocrx_word' id='word_1_257' title='bbox 795 3404 905 3466; x_wconf 88' lang='lat' dir='ltr'>tamen</span> <span class='ocrx_word' id='word_1_258' title='bbox 915 3403 948 3465; x_wconf 93' lang='grc'>01</span> <span class='ocrx_word' id='word_1_259' title='bbox 961 3399 1078 3466; x_wconf 87' lang='lat' dir='ltr'>sudan-</span> 
     </span>
     <span class='ocr_line' id='line_1_37' title="bbox 125 3483 1112 3577; baseline 0.006 -29"><span class='ocrx_word' id='word_1_260' title='bbox 125 3483 202 3548; x_wconf 90' lang='lat' dir='ltr'>dum</span> <span class='ocrx_word' id='word_1_261' title='bbox 220 3490 252 3551; x_wconf 89' lang='lat' dir='ltr'>et</span> <span class='ocrx_word' id='word_1_262' title='bbox 271 3508 450 3573; x_wconf 90' lang='lat' dir='ltr'>nunquam,</span> <span class='ocrx_word' id='word_1_263' title='bbox 470 3488 534 3554; x_wconf 92' lang='lat' dir='ltr'>nisi</span> <span class='ocrx_word' id='word_1_264' title='bbox 554 3488 600 3554; x_wconf 85' lang='lat' dir='ltr'>cis</span> <span class='ocrx_word' id='word_1_265' title='bbox 618 3489 763 3577; x_wconf 75' lang='lat' dir='ltr'>cognitis</span> <span class='ocrx_word' id='word_1_266' title='bbox 779 3510 821 3555; x_wconf 87' lang='lat' dir='ltr'>ac</span> <span class='ocrx_word' id='word_1_267' title='bbox 839 3483 1112 3570; x_wconf 61' lang='lat' dir='ltr'>comordnens&#39;xss</span> 
     </span>
    </p>

    <p class='ocr_par' dir='ltr' id='par_1_4' title="bbox 179 3591 959 3636">
     <span class='ocr_line' id='line_1_38' title="bbox 179 3591 959 3636; baseline 0.001 -2"><span class='ocrx_word' id='word_1_268' title='bbox 179 3595 274 3636; x_wconf 74' lang='lat' dir='ltr'>Meum</span> <span class='ocrx_word' id='word_1_269' title='bbox 287 3604 322 3636; x_wconf 77' lang='lat' dir='ltr'>oa</span> <span class='ocrx_word' id='word_1_270' title='bbox 935 3591 959 3635; x_wconf 56' lang='grc' dir='ltr'>ὃς</span> 
     </span>
    </p>
   </div>
   <div class='ocr_carea' id='block_1_3' title="bbox 0 0 1219 3870">
    <p class='ocr_par' dir='ltr' id='par_1_5' title="bbox 0 0 1219 3870">
     <span class='ocr_line' id='line_1_39' title="bbox 0 0 1219 3870; baseline 0 0"><span class='ocrx_word' id='word_1_271' title='bbox 0 0 1219 3870; x_wconf 95' lang='lat' dir='ltr'> </span> 
     </span>
    </p>
   </div>
  </div>
 </body>
</html>
