2332 3824
90 189 161 254 218
435 185 643 242 Perusino
662 185 709 241 rr

96 334 133 399 in
160 331 355 399 Graecorum
385 334 553 416 po‘e'tarum
581 329 708 415 scriptis
736 329 957 395 assiduissime
988 353 1052 396 ver-

98 425 204 488 satum
231 443 301 486 esse
333 421 539 485 demonstrat.
584 417 729 503 Cumque
756 439 776 481 a
808 419 1052 502 sapientissimis

97 511 175 575 viris
193 509 347 574 traditum
367 509 422 592 sit,
441 509 503 573 duo
522 528 591 572 esse
609 506 782 590 praecipua
798 507 928 589 poetica
946 508 1052 573 dictio

97 599 149 663 nis
177 600 378 677 ornamenta,
405 590 653 676 recapessat
679 588 718 657 τὸ
741 590 891 674 ξενικόν,
920 596 978 661 illo
1004 596 1053 660 ll-

97 687 218 770 bullus,
254 686 316 750 hoc
345 682 532 768 Propertius
564 682 716 746 excellere
746 682 881 747 videtur.
929 683 1053 749 Mollior

97 774 152 837 ille
179 777 212 837 et
239 772 416 856 delicatior,
443 769 610 836 nervosior
634 769 688 835 hic
714 773 747 835 et
774 773 969 856 accuratior,
1001 773 1053 837 illo

98 861 203 945 magis
226 860 396 944 oblectere,
418 859 505 924 hunc
525 858 643 944 magis,
671 860 708 922 ut
729 859 857 942 opinor,
885 860 1052 944 admirere,

97 947 189 1013 illum
215 949 335 1013 iudicer
363 947 539 1033 simplicius
571 947 749 1030 scripsisse,
781 968 863 1030 quae
891 949 1054 1034 cogitaret,

98 1037 184 1103 hunc
211 1037 396 1122 diligentius
424 1036 596 1122 cogitasse,
629 1034 705 1118 quid
737 1035 906 1120 scriberet,
939 1039 975 1101 in
1001 1038 1053 1103 illo

99 1127 172 1210 plus
199 1129 347 1206 naturae,
378 1125 415 1189 in
445 1124 507 1189 hoc
532 1124 605 1206 plus
633 1143 726 1186 curae
754 1124 851 1207 atque
878 1124 1053 1190 industriae

98 1214 282 1298 perspicias.
327 1211 416 1288 Quae
442 1233 514 1278 cum
545 1211 593 1275 ita
619 1232 653 1276 se
684 1210 839 1294 habeant,
871 1214 1054 1295 perdifficile

99 1304 161 1382 est,
188 1300 356 1363 decernere
384 1321 421 1363 ac
447 1298 655 1382 constituere,
686 1302 758 1364 uter
785 1300 880 1363 alteri
906 1306 1053 1384 praestet

98 1385 185 1452 Nam
208 1387 236 1452 si
258 1387 429 1470 praecipua
445 1386 521 1473 ,laus
543 1389 711 1470 po'e'tarum
728 1387 763 1450 in
781 1387 965 1454 imitatione
984 1409 1053 1455 con-

100 1476 199 1541 sistit:
231 1475 311 1540 mihi
343 1475 471 1559 quidem
501 1475 627 1539 ridetur
658 1475 804 1539 Tibullus
840 1476 949 1542 varios
984 1480 1053 1544 illos

99 1564 283 1629 fluctuantis
315 1564 416 1628 animi
451 1567 571 1646 motus,
608 1562 723 1647 quibus
756 1567 903 1627 amantes
942 1566 1055 1652 agitari

100 1652 217 1735 solent,
248 1651 362 1716 melius
393 1651 539 1715 imitatus
570 1671 653 1734 esse3
686 1650 751 1734 sin,
781 1653 819 1715 ut
845 1652 988 1738 quidque
1017 1654 1054 1719 ad

100 1740 258 1825 optimum
285 1740 429 1824 proxime
458 1739 590 1821 accedit,
616 1738 664 1801 ita
689 1738 795 1821 ipsum
823 1761 952 1824 quoque
976 1743 1053 1827 opti·

99 1851 189 1893 mum
224 1828 428 1892 iudicandum
464 1830 527 1891 est:
564 1825 750 1890 crediderim
787 1848 877 1910 sane,
913 1834 1054 1895 veterum

100 1917 228 1981 illorum
262 1916 456 1981 Graecorum
487 1936 525 1979 ac
557 1913 742 1998 praecipue.
758 1912 949 1981 Callimachi
980 1919 1053 1984 Pro·

100 2004 238 2087 partium
264 2004 351 2068 haud
376 2004 473 2088 paulo
501 2002 686 2067 similiorem
717 2001 829 2085 firisse3
863 2026 929 2088 qua
961 2008 1054 2071 etiam

100 2092 215 2157 fiducia
258 2093 327 2177 ipse
372 2113 406 2156 se
450 2089 634 2155 Romanum
670 2088 902 2156 Callimachum
944 2116 1054 2161 vocare

101 2203 197 2246 ausus
221 2179 313 2265 est.*)

167 2267 230 2333 Sed
255 2270 335 2333 haec
361 2269 434 2332 utut
456 2270 545 2349 sunt,
570 2288 674 2351 neque
700 2270 849 2332 nostrum
871 2272 923 2334 est
953 2292 1054 2356 neque

101 2356 288 2439 cuiusquam
310 2355 451 2420 hominis
473 2355 623 2438 pudentis
646 2357 680 2419 et
701 2355 907 2440 considerati,
932 2361 1055 2443 quade

100 2464 134 2507 re
161 2447 285 2507 veteres
311 2443 372 2526 illi,
404 2465 540 2527 quorum
572 2442 634 2506 fuit
661 2445 694 2507 et
721 2443 867 2508 doctrina
893 2447 1000 2512 maior
1026 2450 1056 2511 et

99 2531 252 2597 iudicium
289 2531 405 2613 acrius,
445 2551 513 2595 non
551 2529 672 2612 liquere
707 2531 978 2619 pronunciarunt,
1019 2536 1055 2599 de

100 2640 142 2703 aa¹
165 2618 243 2683 certi
271 2617 445 2704 quidquam
472 2616 664 2681 constituere
697 2622 730 2682 et
760 2620 850 2683 litem
881 2624 1056 2688 seeundum

100 2709 290 2774 alterutrum
322 2707 405 2771 dare.
452 2703 558 2772 Satius
588 2705 686 2770 fuerit
711 2710 882 2792 utrumque
915 2712 1055 2777 studiose

101 2819 138 2861 ac
166 2797 335 2884 dihgenter
362 2796 517 2881 evolvere,
548 2795 712 2880 utriusque
744 2794 877 2872 virtutes
911 2803 1056 2864 acernata

100 2889 309 2971 perpendere,
331 2890 502 2970 utrumque
521 2883 583 2948 sibi
601 2883 642 2947 ad
658 2882 850 2947 imitandum
868 2905 1056 2970 proponere,

102 2975 130 3037 si
158 2974 285 3059 quando
313 2974 396 3039 forte
422 2994 483 3037 nos
511 2971 551 3035 ad
577 2971 767 3035 tentandum
789 2969 876 3034 idem
897 2975 1056 3055 poematis

101 3080 203 3142 genus
231 3064 287 3125 aut
312 3062 461 3125 voluntas
494 3057 640 3140 adducet,
673 3062 729 3122 aut
753 3061 888 3122 naturae
916 3061 1056 3147 impetus

94 3145 189 3228 feret.
235 3146 323 3220 Quae
345 3167 406 3230 ego
429 3145 550 3226 omnia,
577 3143 745 3210 Francisce
768 3145 935 3232 Gonzaga,
959 3173 1056 3236 quan·

100 3234 170 3294 tum
193 3232 322 3314 quidem
352 3234 388 3296 in
409 3252 461 3295 me
488 3231 562 3313 fuit,
589 3253 714 3298 summo
742 3234 847 3299 studio
871 3235 1057 3305 adolescens

100 3318 263 3402 factitavi3·
285 3341 353 3384 non
380 3318 466 3382 enim
492 3318 585 3384 facile
613 3322 823 3387 concesserim
849 3325 977 3412 multis,
1006 3326 1058 3412 qui

154 3512 179 3580 *l
200 3509 242 3564 cf.
260 3510 308 3564 111.
329 3515 352 3564 1.
371 3508 409 3563 in.
