2332 3824
585 78 722 137 ORATIO
740 80 763 137 l.

192 246 267 289 men
289 224 331 291 ad
353 246 408 292 eas
429 246 494 308 res,
522 245 602 307 quas
623 223 721 288 modo
743 236 1047 323 enumeravimus,
1073 240 1120 306 alit

192 335 291 398 opera
312 336 381 379 non
402 312 604 378 incommode
626 314 745 376 utatur.
775 312 834 379 An
854 340 944 387 vero
961 324 1003 391 T.
1017 326 1126 393 Manlii

192 402 392 487 Torquatum
414 401 588 466 memoriae
606 398 768 484 proditum
786 406 852 485 est,
879 426 965 475 cum
986 415 1133 482 consult

192 493 332 556 claratus
353 490 481 573 fuisset,
504 509 671 554 excusasse
693 487 924 559 valetudinem
945 502 1139 569 oculorum«

192 598 352 644 summum
370 577 541 661 imperium
560 576 765 658 detrectasse,
788 579 879 659 quod
903 582 1097 673 indignum
1116 592 1145 656 dr

192 670 278 730 ceret
295 665 325 729 ei
343 664 450 747 capite
472 684 510 727 ac
531 663 681 728 fortunas
700 666 883 730 ceterorum
903 679 1096 763 committi,
1116 701 1151 764 qu

191 752 305 816 alienis
332 751 433 816 oculis
461 751 570 816 omnia
596 772 708 836 gerere
734 756 926 836 cogeretur:
966 766 1031 847 qui
1065 767 1156 832 alieno

190 840 323 923 ingenio
346 839 513 924 rhenoque
535 840 649 925 lingua
671 839 712 903 ad
735 839 845 904 omnia
866 843 918 907 uti
944 867 1093 920 necesso
1113 855 1157 919 hs

190 928 328 1013 bebunt,
348 928 372 993 ii
390 928 469 993 satis
488 928 529 993 ad
547 927 775 1014 gubernandos
793 930 921 995 ceteros
939 933 1065 1006 idonci
1083 942 1157 1007 ride

191 1017 333 1083 buntur?
364 1016 412 1083 At
429 1017 595 1082 oculorum
613 1016 742 1099 quidem
758 1015 881 1080 lumine
900 1031 1068 1094 carentes
1085 1029 1157 1095 nihil

190 1106 343 1189 prohibet
372 1104 440 1167 acie
471 1103 595 1187 ingenii
626 1104 724 1167 etiam
758 1102 870 1167 futura
900 1125 1049 1181 cernere
1082 1117 1157 1203 opti-

191 1212 304 1274 meque
324 1190 504 1271 consulere,
527 1192 638 1273 quales
656 1192 692 1256 in
708 1190 827 1255 fabulis
845 1189 1031 1285 Tiresiam,
1056 1205 1095 1270 jn
1114 1205 1156 1270 hi.

191 1278 299 1344 storiis
330 1276 474 1363 Appium
504 1278 655 1363 legimus:
691 1279 781 1343 cuius
812 1299 888 1344 vero
925 1281 1155 1358 doctrinarum

190 1366 260 1432 luce
289 1370 398 1431 careat
423 1366 563 1450 animus,
595 1366 671 1451 quid
697 1367 727 1430 is
752 1365 883 1430 tandem
916 1388 1053 1462 gerere,
1083 1379 1154 1465 quid

192 1454 1153 1626 wtttfzdtttttlttttlttffitm

748 1592 757 1625 7

190 1630 418 1694 tractationem
447 1630 631 1713 tranquillis
662 1630 848 1714 pacatisque
878 1633 1090 1717 temporibus
1122 1645 1153 1707 et

191 1719 361 1784 honestam
382 1717 529 1802 inprimis
552 1720 586 1781 et
606 1718 719 1782 utilem
746 1738 815 1781 esse
841 1717 1024 1807 fateantur,
1052 1727 1152 1793 iidem

191 1813 313 1895 tamen,
332 1828 405 1873 cum
423 1808 580 1890 occupata
597 1805 681 1870 bello
701 1806 808 1890 aliquo
827 1805 939 1870 civitas
958 1811 1023 1893 est,
1047 1813 1152 1881 latare

191 1920 245 1964 eas
275 1897 366 1983 quasi
388 1895 575 1982 perterritas
597 1898 685 1960 metu
713 1898 746 1959 et
767 1894 852 1958 inter
873 1893 1027 1961 tubarum
1052 1900 1149 1969 lituo

190 2009 325 2073 rumque
357 1987 543 2073 clangorem
568 1985 695 2050 nullum
730 1982 780 2049 sui
816 1982 954 2066 amplius
989 1989 1149 2067 praebere

190 2096 285 2138 usum
304 2076 511 2140 arbitrantur.
547 2072 691 2149 Quorum
708 2072 803 2138 nobis
821 2071 883 2135 hac
895 2070 931 2134 iu
948 2075 1043 2154 parto
1057 2096 1148 2143 coar·

190 2160 337 2241 guendus
369 2182 458 2223 error
486 2164 548 2242 est,
576 2165 609 2222 et
635 2164 792 2242 quantum
818 2160 870 2221 vel
891 2159 927 2221 in
949 2159 1056 2226 medio
1080 2163 1148 2229 bel·

190 2245 296 2308 lorum
309 2245 450 2309 tumultu
464 2245 590 2307 litterae
603 2246 745 2325 valeant,
764 2243 980 2325 aperiendum.
1011 2246 1149 2317 Etenim

191 2332 218 2395 si
241 2330 384 2415 corporis
411 2334 553 2414 tantum,
576 2350 644 2394 non
671 2330 769 2393 etiam
792 2329 891 2394 animi
913 2332 1035 2399 viribus
1059 2338 1149 2404 bella

190 2423 391 2504 gererentur,
413 2421 484 2483 tum
505 2418 561 2483 isti
582 2418 721 2484 fortasse
735 2417 855 2504 aliquid
878 2418 1033 2506 dicerent,
1056 2445 1148 2493 nuno

190 2507 261 2590 quis
286 2511 344 2591 est,
367 2507 422 2590 qui
445 2527 519 2570 cum
541 2507 621 2570 mihi
644 2510 678 2571 et
697 2509 874 2573 maximum
897 2530 966 2573 esse
992 2508 1028 2572 in
1050 2510 1151 2579 bellis·

190 2594 324 2658 consilio
348 2614 386 2657 ac
408 2594 597 2678 prudentiae
619 2595 740 2678 locum,
767 2600 800 2661 et
821 2618 876 2662 eas
897 2597 1033 2662 virtutes
1056 2599 1146 2667 bona

190 2703 229 2746 ex
251 2685 342 2766 parte
364 2681 544 2746 litterarum
567 2682 673 2747 studio
696 2686 889 2770 comparari,
911 2687 996 2750 certe
1014 2687 1145 2767 quidem

190 2770 360 2856 insigniter
392 2769 504 2853 augeri
535 2770 780 2855 confirmarique
816 2772 1021 2855 concesserit,
1057 2773 1145 2841 idem

190 2861 301 2924 tamen
323 2881 433 2924 earum
455 2857 623 2923 scientiam
644 2859 680 2922 in
702 2860 787 2925 bello
809 2861 957 2925 inutilem
980 2881 1049 2924 esse
1068 2882 1145 2927 con-

189 2948 324 3011 tendat?
360 2947 416 3011 ΑΒ
441 2946 628 3029 ignoramus
658 2947 782 3011 celebre
809 2948 889 3013 illud
916 2969 1029 3032 regum
1055 2951 1145 3032 regis

189 3030 445 3116 Agamemnonis
472 3035 597 3116 votum,
629 3034 684 3116 qui
710 3037 748 3098 ut
775 3033 873 3099 Troia
902 3035 1029 3098 facilius
1060 3038 1144 3120 poti·

189 3122 278 3183 retur
312 3141 381 3184 non
402 3118 539 3184 Achillis
562 3122 619 3183 aut
640 3119 763 3204 Aiacis,
786 3123 842 3186 sed
864 3120 1011 3186 Nestoris
1035 3124 1145 3188 decem

189 3169 309 3273 similis
332 3207 468 3291 optabat
490 3206 573 3271 sibi?
608 3204 721 3290 Neque
743 3209 899 3293 temporis
917 3207 1012 3272 nobis
1035 3211 1076 3275 ad
1098 3211 1144 3276 ri·

189 3295 330 3361 vendum
352 3316 372 3358 a
393 3298 512 3360 natura
533 3295 723 3379 praescripti
745 3316 785 3359 ca
806 3293 976 3381 longitudo
1000 3299 1062 3380 est,
1089 3320 1144 3363 ne·

191 3405 251 3469 que
270 3384 318 3449 ita
337 3383 403 3448 fert
424 3383 639 3448 humanarum
656 3401 765 3447 rerum
782 3384 880 3468 ratio,
902 3385 940 3447 ut
961 3381 1072 3447 multis
1090 3385 1145 3450 ad·
