2332 3824
165 211 208 276 62
541 211 677 268 ORATIO
695 211 742 268 VI.

166 357 337 442 praecipue
356 357 477 422 alienat
495 356 535 421 ab
554 357 609 440 iis,
628 357 664 421 in
682 356 798 440 quibus
816 359 880 442 est,
901 357 1043 424 aliorum
1061 360 1125 425 ani·

166 467 237 510 mos
256 445 462 528 omniumque
481 445 543 510 sibi
562 444 635 509 odia
654 444 787 528 conflat,
806 446 972 531 conciliat,
993 448 1125 534 colligit

167 531 289 598 Ceteris
309 533 396 598 vitiis
419 533 551 598 affectos
574 532 682 616 aliquo
704 532 801 597 modo
823 533 972 617 ferimus,
997 536 1125 619 quibus·

168 621 242 686 dam
264 620 476 706 ignoscimus,
499 621 691 705 quibusdam
712 642 781 686 non
802 620 900 685 nimis
923 621 1126 709 offendimur,

168 708 359 793 quibusdam
376 708 412 772 in
429 709 491 773 hac
504 709 590 774 ritae
604 730 642 773 ac
657 730 784 774 morum
801 710 1011 793 corruptione
1032 713 1128 777 etiam

168 797 374 861 oblectamur.
405 795 564 882 Prodigos
582 797 677 861 multi
690 799 813 880 amaut3
834 818 950 862 avaros
967 799 1127 884 tolerant3

167 884 287 949 multos
311 885 417 950 aliena
438 884 689 969 intemperantia
705 906 774 950 non
792 884 939 969 offendit3
961 888 1022 969 qui
1040 890 1128 954 volu·

167 973 273 1056 ptates
304 973 401 1039 nimis
432 973 600 1058 refugiunt
631 973 729 1037 etiam
757 972 937 1038 severitatis
966 995 1007 1038 ao
1035 977 1128 1042 casti·

167 1061 295 1126 mouiae
318 1063 446 1126 laudem
468 1061 590 1144 ferunt3
614 1061 783 1126 audacium
802 1060 838 1125 in
857 1061 942 1126 bello
961 1060 1130 1130 interdum

169 1150 284 1233 aliquis
320 1171 397 1215 usus
434 1152 496 1231 est;
531 1148 653 1213 timidis
687 1152 720 1213 et
755 1149 851 1212 nimis
883 1149 1010 1233 cupidis
1043 1153 1130 1218 vitae

167 1238 360 1321 ignosciturz
396 1237 535 1301 iniustus
568 1238 730 1302 communi
764 1237 908 1301 omnium
939 1242 1131 1306 mortalium

170 1324 242 1389 odio
262 1324 392 1408 flagra,
413 1323 492 1408 suis,
513 1325 640 1409 alienis,
660 1325 796 1409 civibus,
815 1324 1011 1411 peregrinis,
1032 1331 1132 1415 notis,

168 1411 303 1497 ignotis,
322 1412 413 1476 iuxta
431 1413 580 1478 omnibus
598 1413 733 1497 invisus,
756 1434 883 1496 exosus,
902 1413 1132 1483 intolerandus

170 1503 227 1565 est.
262 1499 376 1584 Itaque
400 1501 461 1565 etsi
482 1501 563 1565 illud
586 1501 734 1567 omnibus
756 1500 942 1566 hominibus
966 1524 986 1565 a
1009 1508 1133 1572 natura

169 1589 327 1652 tributum
355 1593 417 1674 est,
446 1591 484 1654 ut
509 1611 584 1655 raro
612 1611 671 1654 sua
697 1590 776 1654 vitia
803 1592 998 1675 agnoscant,
1028 1615 1133 1679 eaque

170 1676 273 1740 modis
301 1678 451 1743 omnibus
480 1681 589 1763 tegere
617 1680 651 1740 et
677 1679 838 1742 occultare
867 1680 1043 1765 conentur,
1076 1687 1134 1748 aut

171 1764 269 1828 etiam
287 1766 332 1830 eis
350 1766 508 1831 virtutum
524 1765 659 1830 nomina
680 1765 859 1850 imponere,
880 1769 919 1830 ut
940 1787 975 1830 se
997 1771 1133 1857 prodigi

170 1875 230 1938 pro
256 1854 457 1939 liberalibus,
486 1854 575 1919 avari
603 1874 663 1936 pro
692 1854 797 1937 parcis
825 1874 862 1918 ac
889 1853 991 1938 frugi,
1022 1858 1133 1924 timidi

170 1965 229 2026 pro
262 1943 365 2008 cautis
397 1964 434 2007 ao
466 1941 689 2027 consideratis,
725 1941 861 2006 audaces
892 1962 951 2025 pro
985 1941 1132 2013 fortibus

170 2031 284 2096 haberi
306 2035 340 2096 et
359 2030 539 2115 praedicari
560 2029 673 2095 velint:
695 2030 822 2094 facilius
844 2032 954 2093 tamen
975 2036 1133 2120 reperias,

172 2120 227 2202 qui
263 2141 297 2185 se
334 2141 479 2203 avarum,
514 2118 677 2204 timidum,
713 2120 879 2201 audacem,
906 2117 1132 2209 libidinosum,

172 2229 268 2287 quam
283 2208 338 2289 qui
355 2208 512 2273 iniustum
530 2228 599 2272 esse
616 2207 766 2271 fateatur.
798 2205 884 2282 Quin
897 2206 996 2270 etiam
1012 2213 1132 2277 ceteris

171 2293 258 2355 vitiis
286 2293 352 2356 suis
379 2294 464 2360 hanc
487 2299 544 2359 aut
567 2294 786 2359 defensionem
809 2297 866 2359 aut
887 2297 1132 2364 exeusationem

171 2379 381 2463 praetendere
404 2402 442 2446 ac
468 2385 654 2466 praetexere
677 2384 926 2466 consueverunt,
953 2403 987 2446 se
1014 2384 1053 2450 in
1077 2411 1131 2453 ne

172 2468 292 2531 minem
314 2468 450 2535 iniurios
473 2491 550 2534 esse.
586 2467 713 2532 Avarus
737 2491 821 2554 sum,
847 2471 964 2535 fateor:
993 2474 1053 2537 sed
1076 2477 1132 2561 ita,

172 2558 209 2619 ut
227 2577 299 2620 mea
312 2577 511 2642 conservem,
530 2577 587 2621 suo
601 2557 763 2621 neminem
780 2557 940 2641 fraudem3
957 2560 1131 2648 prodigus:

173 2643 229 2707 sed
252 2644 316 2729 cui,
338 2648 376 2710 ut
397 2645 531 2729 largiar,
554 2644 676 2728 eripio?
699 2645 735 2709 iu
758 2667 852 2729 quem
876 2649 1131 2716 contumeliosus

173 2731 266 2796 sum?
320 2731 477 2818 Indulgeo
510 2733 683 2817 voluptati,
718 2733 822 2797 hilare
852 2734 940 2818 vivo,
972 2737 1131 2823 quidquid

173 2821 281 2885 animo
313 2843 384 2887 meo
417 2820 606 2886 collabitum
638 2825 700 2905 est,
730 2821 829 2887 facio:
865 2823 921 2886 sed
949 2823 1027 2904 quid
1060 2831 1132 2892 tum

172 2910 307 2990 postea?
337 2931 426 2974 meae
448 2909 598 2974 libidines
621 2910 743 2974 nemini
765 2914 893 2975 nocent.
937 2908 983 2974 Et
1004 2912 1053 2975 ita
1075 2916 1131 2980 ille

173 2998 259 3079 apud
282 2995 507 3084 Terentium*)
529 2998 627 3062 homo
650 2999 894 3083 impurissimus,

208 3117 284 3171 Leuo'
294 3117 407 3188 (inquit)
417 3134 485 3184 eum,
490 3118 627 3187 peruiride
636 3119 793 3184 communis,
805 3119 903 3186 fateor,
913 3118 1134 3188 adolescentium,

210 3188 359 3254 Perc'ttrus,
377 3190 478 3257 pestis:
502 3190 593 3242 tumeo
614 3189 667 3242 tibi
685 3205 703 3242 a
720 3206 761 3243 me
778 3191 859 3243 acillo
876 3194 914 3243 est
932 3194 993 3242 orta
1009 3189 1131 3246 iniuria.

239 3295 365 3380 Videte,
379 3319 475 3381 quam
490 3295 601 3361 odiosa
615 3318 773 3381 quamque
788 3297 964 3362 abhorrens
978 3297 1132 3364 enatura

174 3384 217 3450 sit
234 3384 406 3469 iniustitia,
425 3406 521 3468 quam
538 3388 633 3469 turpe
652 3387 748 3469 atque
766 3385 961 3451 invidiosum
976 3380 1133 3454 iniuriam

227 3539 339 3612 pecc·
362 3540 368 3544 ·
