2332 3824
100 162 164 229 174
450 160 586 220 ORATIO
604 162 694 218 XVII.

164 308 211 374 At
244 309 281 372 in
311 309 362 374 his
395 306 613 373 Ciceronianis
649 307 733 371 nihil
749 303 888 374 simile:
931 313 1073 397 scriptae

98 399 285 464 enim-sunt
307 397 345 461 de
368 396 464 461 rebus
486 396 553 461 fere
576 394 762 460 domesticis
784 416 825 460 ac
848 397 1072 466 familiaribus

99 485 238 571 simplici
265 488 297 550 et
324 487 440 568 sponte
469 484 543 549 fuso
571 483 699 548 dicendi
726 503 863 569 genere,
892 487 938 551 ad
968 488 1070 554 homi·

97 596 174 638 nem
196 595 257 638 usu
279 572 455 638 domestico
478 575 511 636 ct
532 571 648 636 intima
674 571 902 638 familiaritate
934 577 1069 642 coniun-

99 666 195 726 ctum.
240 659 312 725 Hoc
348 660 376 723 si
412 660 545 743 faterer,
579 661 690 723 tamen
722 680 778 724 eas
809 660 951 747 dignas,
991 688 1068 749 quae

99 750 270 832 diligenter
289 751 322 812 et
340 751 489 813 accurate
511 748 709 832 legerentur,
732 768 802 813 esse
822 752 1067 817 contenderem.

97 835 182 901 Vere
210 835 297 899 enirn
321 835 385 901 hoc
417 835 673 920 sapientissimus
705 835 846 920 scriptor
874 837 1066 924 Xenophon

97 922 256 1009 principio
294 925 362 990 eius
400 924 514 1007 libelli,
550 923 605 1007 qui
635 920 828 1001 Convivium
860 925 1064 1011 inscribitur,

99 1013 256 1096 scriptum
290 1013 434 1097 reliquit,
469 1032 664 1096 magnorum
693 1011 838 1077 virorum
872 1035 947 1080 non
986 1018 1064 1081 seria

98 1103 241 1184 tantum,
277 1101 333 1167 sed
369 1104 401 1166 et
435 1101 508 1166 ioca
543 1119 737 1185 cognoscere
769 1121 891 1184 operae
924 1105 1063 1188 pretium

100 1211 183 1272 esse,
224 1189 310 1272 quod
346 1210 385 1252 ex
419 1188 471 1253 his
508 1209 634 1272 quoque
669 1187 844 1252 utilissima
884 1191 928 1255 ad
966 1194 1063 1258 vitam

99 1276 245 1357 exempla
267 1276 444 1357 capiantur.
479 1275 601 1341 Narrat
628 1275 745 1340 abcubi
767 1275 973 1367 Horatius*)
1002 1279 1062 1346 Sci·

98 1363 229 1448 pionem
256 1366 289 1426 et
311 1361 457 1426 Laelium
483 1363 646 1429 interdum
669 1364 858 1449 discinctos,
889 1367 971 1432 dum
995 1370 1062 1434 olus

100 1453 343 1535 decoqueretur,
378 1450 487 1516 ludere
520 1456 553 1517 et
583 1452 715 1537 nugari,
751 1449 929 1542 Cicero**)
968 1457 1061 1520 etiam

98 1540 244 1625 legendis
267 1540 308 1604 ad
326 1538 502 1605 Lucrinum
524 1540 655 1605 conchis
674 1543 707 1604 et
728 1541 895 1606 umbilicis
920 1545 1061 1608 animum

98 1628 242 1691 relaxare
270 1628 393 1693 solitos.
433 1627 511 1704 Quis
536 1631 685 1692 nostrum
715 1649 784 1693 non
815 1631 970 1713 quolibet
994 1653 1060 1718 pre·

99 1715 145 1780 tio
173 1718 272 1800 emat,
303 1719 341 1781 ut
366 1717 521 1781 interesse
547 1715 667 1780 talibus
696 1716 782 1780 ludis
813 1722 929 1801 queat
950 1726 985 1786 et
1010 1742 1058 1785 eas

99 1804 235 1869 fabellas
259 1805 382 1888 audire,
406 1805 521 1887 quibus
544 1805 625 1868 tales
652 1804 713 1869 viri
739 1804 825 1868 inter
849 1828 886 1870 se
910 1807 1058 1874 iocaban-

100 1893 174 1957 tur?
209 1892 377 1957 Praeclare
399 1891 591 1957 Plutarchus
613 1892 649 1956 in
671 1890 955 1981 Alexandro***),
981 1898 1057 1973 Noa,

100 1980 219 2065 inquit,
249 1986 286 2046 at
315 2001 449 2062 quaeque
479 1982 614 2046 maxime
643 1980 776 2045 illustris
806 1983 889 2047 actio
928 1991 986 2064 est,
1016 1987 1058 2050 ia

100 2070 235 2133 accolere
256 2069 415 2150 ingenium
442 2069 577 2134 homiues
597 2068 766 2150 potcfoctt;
793 2070 892 2135 immo
919 2093 993 2138 vero
1014 2075 1057 2138 a·

101 2159 219 2221 tectum
247 2159 391 2238 exiguam
417 2157 544 2238 ocutus
567 2157 686 2238 factam
716 2157 866 2221 dictumve
893 2167 955 2225 aut
980 2163 1057 2227 icccc

100 2244 215 2323 aliquis
245 2247 345 2325 mooe
375 2247 484 2327 dctcpc't
513 2244 647 2310 homenis
677 2265 776 2309 mores
806 2265 904 2326 qoam
935 2251 1057 2315 arbium

100 2333 335 2411 capccyaatc'caes
362 2337 392 2395 ct
409 2353 547 2414 pugnae,
573 2334 609 2397 ia
634 2332 744 2414 quibes
771 2334 871 2398 mutto
899 2335 1057 2403 bominum

100 2416 203 2481 millia
229 2419 406 2482 cecideruut.
446 2420 513 2502 An,
540 2441 613 2483 cum
639 2421 801 2503 principes
828 2422 891 2485 viri
920 2426 1056 2508 publicis

101 2525 135 2569 se
162 2504 300 2588 negotiis
333 2506 553 2570 subduxerunt
581 2508 613 2570 et
640 2510 775 2573 exclusis
807 2510 1058 2579 admissionibus

100 2613 221 2676 paucos
243 2592 400 2675 quosdam
422 2592 581 2678 deligunt,
608 2595 799 2677 quibuscum
824 2599 927 2664 libere
952 2624 991 2666 ac
1013 2602 1057 2666 fa·

100 2680 268 2746 miliariter
289 2680 450 2766 iocentur,
475 2681 655 2747 invidemus
677 2685 730 2768 iis,
757 2685 813 2768 qui
840 2687 1058 2754 admIttuntur

102 2770 142 2836 ad
168 2772 337 2839 interiores
359 2771 489 2839 illorum
512 2794 687 2856 sermones,
709 2793 826 2855 eosque
849 2774 966 2843 beatos
990 2799 1056 2842 esse

102 2882 140 2925 ac
169 2864 293 2928 coelum
320 2862 421 2947 digito
450 2863 637 2947 contingere
664 2863 828 2945 putamus:
860 2884 923 2928 nos
958 2867 987 2931 si
1018 2866 1056 2930 ad

101 2945 264 3031 Ciceronis
292 2954 324 3014 et
350 2951 453 3015 Attici
480 2972 597 3014 arcana
623 2951 791 3031 penetrare
820 2971 941 3034 eosque
971 2975 1056 3019 nunc

100 3033 245 3099 iocantes
268 3058 354 3100 nunc
368 3039 452 3101 inter
462 3058 495 3100 se
510 3058 574 3118 qua
587 3037 723 3117 publicis
740 3059 803 3121 qua
817 3038 1006 3108 domesticis
1020 3043 1056 3107 de

100 3119 196 3182 rebus
216 3122 433 3203 colloquentes
453 3122 562 3185 audire
580 3123 687 3208 lIceat,
710 3125 803 3209 parvi
821 3126 855 3189 id
874 3149 945 3192 esse
966 3132 1057 3197 duce·

100 3204 194 3266 mus?
223 3204 285 3269 Sed
302 3209 399 3291 longe
418 3209 570 3272 aberrant
587 3231 607 3274 a
624 3232 713 3297 vero,
736 3214 763 3278 si
782 3214 908 3298 quires
927 3221 1057 3285 tantum

153 3413 179 3484 ⁸)
195 3411 280 3468 Serm.
295 3413 328 3467 II.
345 3419 367 3470 1.
384 3419 424 3468 73.
441 3431 481 3482 sq.
510 3413 552 3484 **)
567 3416 610 3472 de.
624 3416 701 3474 Orat.
717 3426 757 3475 11.
774 3427 798 3475 6.
812 3427 855 3477 22.
879 3425 940 3496 ***)
955 3445 1018 3500 cap,
1034 3436 1062 3484 1..

101 3485 135 3540 cf.
156 3505 176 3541 s.
196 3502 235 3540 or.
253 3483 327 3540 XIII.
345 3501 410 3556 pag.
433 3491 491 3541 133.
