<?xml version="1.0" encoding="UTF-8"?>
<!DOCTYPE html PUBLIC "-//W3C//DTD XHTML 1.0 Transitional//EN"
    "http://www.w3.org/TR/xhtml1/DTD/xhtml1-transitional.dtd">
<html xmlns="http://www.w3.org/1999/xhtml" xml:lang="en" lang="en">
 <head>
  <title>
</title>
<meta http-equiv="Content-Type" content="text/html;charset=utf-8" />
  <meta name='ocr-system' content='tesseract 3.04.00' />
  <meta name='ocr-capabilities' content='ocr_page ocr_carea ocr_par ocr_line ocrx_word'/>
</head>
<body>
  <div class='ocr_page' id='page_1' title='image "./scriptaselecta00muregoog_0129.png"; bbox 0 0 2332 3824; ppageno 0'>
   <div class='ocr_carea' id='block_1_1' title="bbox 139 200 720 266">
    <p class='ocr_par' dir='ltr' id='par_1_1' title="bbox 139 200 720 266">
     <span class='ocr_line' id='line_1_1' title="bbox 139 200 720 266; baseline 0.003 -11"><span class='ocrx_word' id='word_1_1' title='bbox 139 203 202 266; x_wconf 87' lang='grc'><strong>114</strong></span> <span class='ocrx_word' id='word_1_2' title='bbox 523 200 658 258; x_wconf 77' lang='lat' dir='ltr'><strong>ORATIO</strong></span> <span class='ocrx_word' id='word_1_3' title='bbox 672 201 720 257; x_wconf 87' lang='lat' dir='ltr'><strong>XI.</strong></span> 
     </span>
    </p>
   </div>
   <div class='ocr_carea' id='block_1_2' title="bbox 72 344 1104 3426">
    <p class='ocr_par' dir='ltr' id='par_1_2' title="bbox 72 344 1104 3426">
     <span class='ocr_line' id='line_1_2' title="bbox 136 344 1104 432; baseline 0.007 -21"><span class='ocrx_word' id='word_1_4' title='bbox 136 368 253 432; x_wconf 88' lang='lat' dir='ltr'><strong>sarem,</strong></span> <span class='ocrx_word' id='word_1_5' title='bbox 277 345 466 412; x_wconf 75' lang='lat' dir='ltr'><strong>Sallustium</strong></span> <span class='ocrx_word' id='word_1_6' title='bbox 490 349 536 430; x_wconf 94' lang='lat' dir='ltr'><strong>et,</strong></span> <span class='ocrx_word' id='word_1_7' title='bbox 560 344 588 411; x_wconf 87' lang='lat' dir='ltr'><strong>si</strong></span> <span class='ocrx_word' id='word_1_8' title='bbox 610 346 708 429; x_wconf 85' lang='lat' dir='ltr'><strong>forte,</strong></span> <span class='ocrx_word' id='word_1_9' title='bbox 736 345 863 431; x_wconf 76' lang='lat' dir='ltr'>aliquot</span> <span class='ocrx_word' id='word_1_10' title='bbox 887 349 974 415; x_wconf 84' lang='lat' dir='ltr'><strong>alios</strong></span> <span class='ocrx_word' id='word_1_11' title='bbox 999 352 1104 419; x_wconf 88' lang='lat' dir='ltr'><strong>eidem</strong></span> 
     </span>
     <span class='ocr_line' id='line_1_3' title="bbox 135 433 1104 525; baseline 0.008 -26"><span class='ocrx_word' id='word_1_12' title='bbox 135 436 235 500; x_wconf 86' lang='lat' dir='ltr'><strong>aetati</strong></span> <span class='ocrx_word' id='word_1_13' title='bbox 266 457 434 520; x_wconf 81' lang='lat' dir='ltr'><strong>suppares,</strong></span> <span class='ocrx_word' id='word_1_14' title='bbox 465 437 537 498; x_wconf 90' lang='lat' dir='ltr'><strong>tum</strong></span> <span class='ocrx_word' id='word_1_15' title='bbox 564 455 604 499; x_wconf 85' lang='lat' dir='ltr'><strong>ex</strong></span> <span class='ocrx_word' id='word_1_16' title='bbox 633 433 737 518; x_wconf 70' lang='lat' dir='ltr'><strong>poetis</strong></span> <span class='ocrx_word' id='word_1_17' title='bbox 764 438 895 519; x_wconf 86' lang='lat' dir='ltr'><strong>praeter</strong></span> <span class='ocrx_word' id='word_1_18' title='bbox 910 434 1104 525; x_wconf 86' lang='lat' dir='ltr'><strong>Catullum,</strong></span> 
     </span>
     <span class='ocr_line' id='line_1_4' title="bbox 135 522 1103 610; baseline 0.007 -23"><span class='ocrx_word' id='word_1_19' title='bbox 135 522 329 607; x_wconf 90' lang='lat' dir='ltr'><strong>Lucretium,</strong></span> <span class='ocrx_word' id='word_1_20' title='bbox 342 522 530 607; x_wconf 75' lang='lat' dir='ltr'><strong>Virgilium,</strong></span> <span class='ocrx_word' id='word_1_21' title='bbox 543 525 608 587; x_wconf 86' lang='lat' dir='ltr'><strong>tres</strong></span> <span class='ocrx_word' id='word_1_22' title='bbox 623 524 680 587; x_wconf 86' lang='lat' dir='ltr'><strong>aut</strong></span> <span class='ocrx_word' id='word_1_23' title='bbox 693 525 832 606; x_wconf 88' lang='lat' dir='ltr'><strong>quatuor</strong></span> <span class='ocrx_word' id='word_1_24' title='bbox 846 524 944 610; x_wconf 85' lang='lat' dir='ltr'><strong>alios,</strong></span> <span class='ocrx_word' id='word_1_25' title='bbox 960 527 1103 594; x_wconf 86' lang='lat' dir='ltr'><strong>clamare</strong></span> 
     </span>
     <span class='ocr_line' id='line_1_5' title="bbox 135 610 1101 698; baseline 0.005 -22"><span class='ocrx_word' id='word_1_26' title='bbox 135 614 310 696; x_wconf 89' lang='lat' dir='ltr'><strong>coeperunt</strong></span> <span class='ocrx_word' id='word_1_27' title='bbox 341 613 463 674; x_wconf 86' lang='lat' dir='ltr'><strong>ceteros</strong></span> <span class='ocrx_word' id='word_1_28' title='bbox 496 631 608 675; x_wconf 87' lang='lat' dir='ltr'><strong>omnes</strong></span> <span class='ocrx_word' id='word_1_29' title='bbox 644 610 800 675; x_wconf 86' lang='lat' dir='ltr'><strong>barbaros</strong></span> <span class='ocrx_word' id='word_1_30' title='bbox 833 632 918 698; x_wconf 89' lang='lat' dir='ltr'><strong>esse,</strong></span> <span class='ocrx_word' id='word_1_31' title='bbox 955 617 1101 683; x_wconf 77' lang='lat' dir='ltr'><strong>nescisse</strong></span> 
     </span>
     <span class='ocr_line' id='line_1_6' title="bbox 134 697 1100 788; baseline 0.006 -25"><span class='ocrx_word' id='word_1_32' title='bbox 134 698 249 763; x_wconf 90' lang='lat' dir='ltr'><strong>Latine</strong></span> <span class='ocrx_word' id='word_1_33' title='bbox 276 699 379 782; x_wconf 91' lang='lat' dir='ltr'><strong>loqui,</strong></span> <span class='ocrx_word' id='word_1_34' title='bbox 409 719 515 781; x_wconf 90' lang='lat' dir='ltr'><strong>neque</strong></span> <span class='ocrx_word' id='word_1_35' title='bbox 548 699 625 763; x_wconf 90' lang='lat' dir='ltr'><strong>satis</strong></span> <span class='ocrx_word' id='word_1_36' title='bbox 655 697 771 783; x_wconf 78' lang='lat' dir='ltr'><strong>dignos</strong></span> <span class='ocrx_word' id='word_1_37' title='bbox 799 704 883 784; x_wconf 86' lang='lat' dir='ltr'><strong>esse,</strong></span> <span class='ocrx_word' id='word_1_38' title='bbox 914 701 952 765; x_wconf 90' lang='lat' dir='ltr'><strong>in</strong></span> <span class='ocrx_word' id='word_1_39' title='bbox 982 704 1100 788; x_wconf 90' lang='lat' dir='ltr'><strong>quibus</strong></span> 
     </span>
     <span class='ocr_line' id='line_1_7' title="bbox 134 785 1101 871; baseline 0.008 -21"><span class='ocrx_word' id='word_1_40' title='bbox 134 785 366 871; x_wconf 82' lang='lat' dir='ltr'><strong>cognoscendis</strong></span> <span class='ocrx_word' id='word_1_41' title='bbox 398 787 500 850; x_wconf 91' lang='lat' dir='ltr'><strong>ullum</strong></span> <span class='ocrx_word' id='word_1_42' title='bbox 532 787 674 851; x_wconf 90' lang='lat' dir='ltr'><strong>studium</strong></span> <span class='ocrx_word' id='word_1_43' title='bbox 705 790 890 871; x_wconf 79' lang='lat' dir='ltr'><strong>poneretur.</strong></span> <span class='ocrx_word' id='word_1_44' title='bbox 930 787 1017 855; x_wconf 88' lang='lat' dir='ltr'><strong>Inde</strong></span> <span class='ocrx_word' id='word_1_45' title='bbox 1050 814 1101 858; x_wconf 82' lang='lat' dir='ltr'><strong>ex-</strong></span> 
     </span>
     <span class='ocr_line' id='line_1_8' title="bbox 133 873 1099 967; baseline 0.008 -30"><span class='ocrx_word' id='word_1_46' title='bbox 133 874 202 937; x_wconf 89' lang='lat' dir='ltr'><strong>titit</strong></span> <span class='ocrx_word' id='word_1_47' title='bbox 233 877 381 939; x_wconf 89' lang='lat' dir='ltr'><strong>enectum</strong></span> <span class='ocrx_word' id='word_1_48' title='bbox 414 874 575 959; x_wconf 77' lang='lat' dir='ltr'><strong>quoddam</strong></span> <span class='ocrx_word' id='word_1_49' title='bbox 608 878 641 939; x_wconf 89' lang='lat' dir='ltr'><strong>et</strong></span> <span class='ocrx_word' id='word_1_50' title='bbox 667 873 852 939; x_wconf 87' lang='lat' dir='ltr'><strong>famelicum</strong></span> <span class='ocrx_word' id='word_1_51' title='bbox 883 879 931 960; x_wconf 90' lang='lat' dir='ltr'><strong>et,</strong></span> <span class='ocrx_word' id='word_1_52' title='bbox 964 882 1006 942; x_wconf 93' lang='lat' dir='ltr'><strong>ut</strong></span> <span class='ocrx_word' id='word_1_53' title='bbox 1039 901 1099 967; x_wconf 83' lang='lat' dir='ltr'><strong>ego</strong></span> 
     </span>
     <span class='ocr_line' id='line_1_9' title="bbox 132 962 1100 1052; baseline 0.009 -27"><span class='ocrx_word' id='word_1_54' title='bbox 132 962 295 1028; x_wconf 88' lang='lat' dir='ltr'><strong>interdum</strong></span> <span class='ocrx_word' id='word_1_55' title='bbox 322 984 437 1028; x_wconf 84' lang='lat' dir='ltr'><strong>vocare</strong></span> <span class='ocrx_word' id='word_1_56' title='bbox 465 964 566 1047; x_wconf 91' lang='lat' dir='ltr'><strong>soleo,</strong></span> <span class='ocrx_word' id='word_1_57' title='bbox 593 962 732 1027; x_wconf 89' lang='lat' dir='ltr'><strong>dilutum</strong></span> <span class='ocrx_word' id='word_1_58' title='bbox 759 963 965 1048; x_wconf 88' lang='lat' dir='ltr'><strong>eloquentiae</strong></span> <span class='ocrx_word' id='word_1_59' title='bbox 994 988 1100 1052; x_wconf 81' lang='lat' dir='ltr'><strong>genus</strong></span> 
     </span>
     <span class='ocr_line' id='line_1_10' title="bbox 132 1050 1097 1120; baseline 0.005 -5"><span class='ocrx_word' id='word_1_60' title='bbox 132 1050 302 1116; x_wconf 89' lang='lat' dir='ltr'><strong>hominum</strong></span> <span class='ocrx_word' id='word_1_61' title='bbox 338 1051 591 1116; x_wconf 75' lang='lat' dir='ltr'><strong>existimantium</strong></span> <span class='ocrx_word' id='word_1_62' title='bbox 622 1051 704 1115; x_wconf 93' lang='lat' dir='ltr'><strong>bene</strong></span> <span class='ocrx_word' id='word_1_63' title='bbox 738 1050 865 1116; x_wconf 90' lang='lat' dir='ltr'><strong>dicendi</strong></span> <span class='ocrx_word' id='word_1_64' title='bbox 895 1053 1032 1119; x_wconf 89' lang='lat' dir='ltr'><strong>laudem</strong></span> <span class='ocrx_word' id='word_1_65' title='bbox 1063 1057 1097 1120; x_wconf 92' lang='lat' dir='ltr'><strong>in</strong></span> 
     </span>
     <span class='ocr_line' id='line_1_11' title="bbox 135 1139 1096 1231; baseline 0.005 -27"><span class='ocrx_word' id='word_1_66' title='bbox 135 1161 172 1206; x_wconf 91' lang='lat' dir='ltr'><strong>eo</strong></span> <span class='ocrx_word' id='word_1_67' title='bbox 200 1141 341 1225; x_wconf 91' lang='lat' dir='ltr'><strong>positam</strong></span> <span class='ocrx_word' id='word_1_68' title='bbox 368 1161 450 1223; x_wconf 92' lang='lat' dir='ltr'><strong>esse,</strong></span> <span class='ocrx_word' id='word_1_69' title='bbox 477 1144 515 1203; x_wconf 91' lang='lat' dir='ltr'><strong>ut</strong></span> <span class='ocrx_word' id='word_1_70' title='bbox 546 1160 587 1203; x_wconf 93' lang='lat' dir='ltr'><strong>ne</strong></span> <span class='ocrx_word' id='word_1_71' title='bbox 619 1140 721 1203; x_wconf 92' lang='lat' dir='ltr'><strong>ullum</strong></span> <span class='ocrx_word' id='word_1_72' title='bbox 751 1139 948 1231; x_wconf 83' lang='lat' dir='ltr'><strong>vocabulum</strong></span> <span class='ocrx_word' id='word_1_73' title='bbox 981 1165 1096 1228; x_wconf 85' lang='lat' dir='ltr'><strong>ponas,</strong></span> 
     </span>
     <span class='ocr_line' id='line_1_12' title="bbox 134 1224 1096 1313; baseline 0.007 -22"><span class='ocrx_word' id='word_1_74' title='bbox 134 1229 219 1311; x_wconf 92' lang='lat' dir='ltr'><strong>quod</strong></span> <span class='ocrx_word' id='word_1_75' title='bbox 251 1249 319 1292; x_wconf 93' lang='lat' dir='ltr'><strong>non</strong></span> <span class='ocrx_word' id='word_1_76' title='bbox 350 1249 389 1291; x_wconf 88' lang='lat' dir='ltr'><strong>ex</strong></span> <span class='ocrx_word' id='word_1_77' title='bbox 417 1224 570 1292; x_wconf 81' lang='lat' dir='ltr'><strong>Cicerone</strong></span> <span class='ocrx_word' id='word_1_78' title='bbox 603 1228 791 1312; x_wconf 90' lang='lat' dir='ltr'><strong>sumpseris;</strong></span> <span class='ocrx_word' id='word_1_79' title='bbox 823 1228 972 1313; x_wconf 86' lang='lat' dir='ltr'><strong>quamvis</strong></span> <span class='ocrx_word' id='word_1_80' title='bbox 1006 1231 1096 1297; x_wconf 83' lang='lat' dir='ltr'><strong>fatue</strong></span> 
     </span>
     <span class='ocr_line' id='line_1_13' title="bbox 133 1314 1096 1399; baseline 0.007 -22"><span class='ocrx_word' id='word_1_81' title='bbox 133 1317 229 1397; x_wconf 89' lang='lat' dir='ltr'><strong>atque</strong></span> <span class='ocrx_word' id='word_1_82' title='bbox 252 1314 373 1378; x_wconf 87' lang='lat' dir='ltr'><strong>insulse</strong></span> <span class='ocrx_word' id='word_1_83' title='bbox 395 1315 552 1398; x_wconf 89' lang='lat' dir='ltr'><strong>loquaris,</strong></span> <span class='ocrx_word' id='word_1_84' title='bbox 580 1315 649 1380; x_wconf 91' lang='lat' dir='ltr'><strong>sine</strong></span> <span class='ocrx_word' id='word_1_85' title='bbox 671 1316 739 1379; x_wconf 89' lang='lat' dir='ltr'><strong>ulla</strong></span> <span class='ocrx_word' id='word_1_86' title='bbox 760 1315 807 1399; x_wconf 82' lang='lat' dir='ltr'><strong>vi,</strong></span> <span class='ocrx_word' id='word_1_87' title='bbox 835 1316 904 1380; x_wconf 87' lang='lat' dir='ltr'><strong>sine</strong></span> <span class='ocrx_word' id='word_1_88' title='bbox 927 1318 999 1383; x_wconf 92' lang='lat' dir='ltr'><strong>ullo</strong></span> <span class='ocrx_word' id='word_1_89' title='bbox 1024 1341 1096 1385; x_wconf 87' lang='lat' dir='ltr'><strong>acu-</strong></span> 
     </span>
     <span class='ocr_line' id='line_1_14' title="bbox 132 1403 1095 1488; baseline 0.007 -21"><span class='ocrx_word' id='word_1_90' title='bbox 132 1403 232 1487; x_wconf 91' lang='lat' dir='ltr'><strong>mine,</strong></span> <span class='ocrx_word' id='word_1_91' title='bbox 264 1403 333 1467; x_wconf 90' lang='lat' dir='ltr'><strong>sine</strong></span> <span class='ocrx_word' id='word_1_92' title='bbox 364 1403 431 1467; x_wconf 93' lang='lat' dir='ltr'><strong>ullo</strong></span> <span class='ocrx_word' id='word_1_93' title='bbox 464 1403 605 1487; x_wconf 88' lang='lat' dir='ltr'><strong>pondere</strong></span> <span class='ocrx_word' id='word_1_94' title='bbox 638 1403 883 1488; x_wconf 88' lang='lat' dir='ltr'><strong>sententiarum,</strong></span> <span class='ocrx_word' id='word_1_95' title='bbox 917 1405 1095 1473; x_wconf 91' lang='lat' dir='ltr'><strong>dummodo</strong></span> 
     </span>
     <span class='ocr_line' id='line_1_15' title="bbox 132 1488 1095 1576; baseline 0.006 -21"><span class='ocrx_word' id='word_1_96' title='bbox 132 1513 233 1556; x_wconf 91' lang='lat' dir='ltr'><strong>unum</strong></span> <span class='ocrx_word' id='word_1_97' title='bbox 260 1489 339 1555; x_wconf 91' lang='lat' dir='ltr'><strong>illud</strong></span> <span class='ocrx_word' id='word_1_98' title='bbox 367 1491 530 1576; x_wconf 86' lang='lat' dir='ltr'><strong>observes,</strong></span> <span class='ocrx_word' id='word_1_99' title='bbox 558 1492 660 1576; x_wconf 89' lang='lat' dir='ltr'><strong>ipsius</strong></span> <span class='ocrx_word' id='word_1_100' title='bbox 686 1493 719 1555; x_wconf 88' lang='lat' dir='ltr'><strong>te</strong></span> <span class='ocrx_word' id='word_1_101' title='bbox 743 1488 906 1556; x_wconf 78' lang='lat' dir='ltr'><strong>Ciceronis</strong></span> <span class='ocrx_word' id='word_1_102' title='bbox 936 1493 1095 1561; x_wconf 85' lang='lat' dir='ltr'><strong>fratercu-</strong></span> 
     </span>
     <span class='ocr_line' id='line_1_16' title="bbox 132 1577 1093 1668; baseline 0.008 -27"><span class='ocrx_word' id='word_1_103' title='bbox 132 1580 200 1643; x_wconf 91' lang='lat' dir='ltr'><strong>lum</strong></span> <span class='ocrx_word' id='word_1_104' title='bbox 222 1580 300 1644; x_wconf 85' lang='lat' dir='ltr'><strong>iore.</strong></span> <span class='ocrx_word' id='word_1_105' title='bbox 338 1577 457 1645; x_wconf 91' lang='lat' dir='ltr'><strong>Similis</strong></span> <span class='ocrx_word' id='word_1_106' title='bbox 478 1580 613 1644; x_wconf 84' lang='lat' dir='ltr'><strong>fatuitas</strong></span> <span class='ocrx_word' id='word_1_107' title='bbox 636 1600 747 1645; x_wconf 88' lang='lat' dir='ltr'><strong>eorum</strong></span> <span class='ocrx_word' id='word_1_108' title='bbox 770 1601 909 1665; x_wconf 92' lang='lat' dir='ltr'><strong>quoque,</strong></span> <span class='ocrx_word' id='word_1_109' title='bbox 938 1583 997 1666; x_wconf 87' lang='lat' dir='ltr'><strong>qui</strong></span> <span class='ocrx_word' id='word_1_110' title='bbox 1020 1591 1093 1668; x_wconf 71' lang='lat' dir='ltr'><strong>pot·</strong></span> 
     </span>
     <span class='ocr_line' id='line_1_17' title="bbox 132 1668 1094 1753; baseline 0.008 -24"><span class='ocrx_word' id='word_1_111' title='bbox 132 1668 239 1730; x_wconf 91' lang='lat' dir='ltr'><strong>tarum</strong></span> <span class='ocrx_word' id='word_1_112' title='bbox 260 1668 390 1732; x_wconf 89' lang='lat' dir='ltr'><strong>laudem</strong></span> <span class='ocrx_word' id='word_1_113' title='bbox 413 1668 620 1752; x_wconf 86' lang='lat' dir='ltr'><strong>affectabant,</strong></span> <span class='ocrx_word' id='word_1_114' title='bbox 644 1668 768 1732; x_wconf 87' lang='lat' dir='ltr'><strong>animos</strong></span> <span class='ocrx_word' id='word_1_115' title='bbox 792 1670 972 1753; x_wconf 83' lang='lat' dir='ltr'><strong>occupavit</strong></span> <span class='ocrx_word' id='word_1_116' title='bbox 1007 1670 1094 1737; x_wconf 88' lang='lat' dir='ltr'><strong>Nam</strong></span> 
     </span>
     <span class='ocr_line' id='line_1_18' title="bbox 132 1755 1093 1841; baseline 0.006 -22"><span class='ocrx_word' id='word_1_117' title='bbox 132 1776 205 1819; x_wconf 91' lang='lat' dir='ltr'><strong>cum</strong></span> <span class='ocrx_word' id='word_1_118' title='bbox 233 1755 295 1820; x_wconf 90' lang='lat' dir='ltr'><strong>sibi</strong></span> <span class='ocrx_word' id='word_1_119' title='bbox 321 1756 443 1820; x_wconf 91' lang='lat' dir='ltr'><strong>indices</strong></span> <span class='ocrx_word' id='word_1_120' title='bbox 470 1757 627 1841; x_wconf 89' lang='lat' dir='ltr'><strong>quosdam</strong></span> <span class='ocrx_word' id='word_1_121' title='bbox 654 1755 870 1820; x_wconf 88' lang='lat' dir='ltr'><strong>confecissent</strong></span> <span class='ocrx_word' id='word_1_122' title='bbox 896 1777 1012 1823; x_wconf 86' lang='lat' dir='ltr'><strong>earum</strong></span> <span class='ocrx_word' id='word_1_123' title='bbox 1039 1782 1093 1825; x_wconf 81' lang='lat' dir='ltr'><strong>uo·</strong></span> 
     </span>
     <span class='ocr_line' id='line_1_19' title="bbox 132 1844 1093 1933; baseline 0.005 -25"><span class='ocrx_word' id='word_1_124' title='bbox 132 1865 218 1928; x_wconf 89' lang='lat' dir='ltr'><strong>oum,</strong></span> <span class='ocrx_word' id='word_1_125' title='bbox 260 1844 375 1929; x_wconf 90' lang='lat' dir='ltr'><strong>quibus</strong></span> <span class='ocrx_word' id='word_1_126' title='bbox 411 1847 534 1909; x_wconf 84' lang='lat' dir='ltr'><strong>veteres</strong></span> <span class='ocrx_word' id='word_1_127' title='bbox 571 1845 695 1927; x_wconf 85' lang='lat' dir='ltr'><strong>aliquot</strong></span> <span class='ocrx_word' id='word_1_128' title='bbox 734 1847 849 1928; x_wconf 69' lang='lat' dir='ltr'><strong>poetae</strong></span> <span class='ocrx_word' id='word_1_129' title='bbox 885 1845 937 1910; x_wconf 90' lang='lat' dir='ltr'><strong>usi</strong></span> <span class='ocrx_word' id='word_1_130' title='bbox 974 1852 1093 1933; x_wconf 87' lang='lat' dir='ltr'><strong>essent,</strong></span> 
     </span>
     <span class='ocr_line' id='line_1_20' title="bbox 133 1932 1093 2019; baseline 0.006 -23"><span class='ocrx_word' id='word_1_131' title='bbox 133 1936 303 2019; x_wconf 87' lang='lat' dir='ltr'><strong>putarunt,</strong></span> <span class='ocrx_word' id='word_1_132' title='bbox 325 1955 358 1998; x_wconf 92' lang='lat' dir='ltr'><strong>se</strong></span> <span class='ocrx_word' id='word_1_133' title='bbox 380 1933 445 1997; x_wconf 92' lang='lat' dir='ltr'><strong>illis</strong></span> <span class='ocrx_word' id='word_1_134' title='bbox 468 1932 712 2017; x_wconf 86' lang='lat' dir='ltr'><strong>aequiparatum</strong></span> <span class='ocrx_word' id='word_1_135' title='bbox 732 1932 786 2016; x_wconf 92' lang='lat' dir='ltr'><strong>iri,</strong></span> <span class='ocrx_word' id='word_1_136' title='bbox 809 1932 885 1996; x_wconf 91' lang='lat' dir='ltr'><strong>dum</strong></span> <span class='ocrx_word' id='word_1_137' title='bbox 908 1934 1024 2001; x_wconf 89' lang='lat' dir='ltr'><strong>sedulo</strong></span> <span class='ocrx_word' id='word_1_138' title='bbox 1043 1958 1093 2002; x_wconf 90' lang='lat' dir='ltr'><strong>ca·</strong></span> 
     </span>
     <span class='ocr_line' id='line_1_21' title="bbox 133 2020 1093 2109; baseline 0.005 -24"><span class='ocrx_word' id='word_1_139' title='bbox 133 2025 257 2106; x_wconf 89' lang='lat' dir='ltr'><strong>verent,</strong></span> <span class='ocrx_word' id='word_1_140' title='bbox 284 2044 326 2086; x_wconf 91' lang='lat' dir='ltr'><strong>ne</strong></span> <span class='ocrx_word' id='word_1_141' title='bbox 350 2043 446 2105; x_wconf 89' lang='lat' dir='ltr'><strong>quam</strong></span> <span class='ocrx_word' id='word_1_142' title='bbox 468 2041 581 2086; x_wconf 91' lang='lat' dir='ltr'><strong>vocem</strong></span> <span class='ocrx_word' id='word_1_143' title='bbox 602 2020 748 2085; x_wconf 76' lang='lat' dir='ltr'><strong>versibus</strong></span> <span class='ocrx_word' id='word_1_144' title='bbox 770 2020 837 2084; x_wconf 89' lang='lat' dir='ltr'><strong>suis</strong></span> <span class='ocrx_word' id='word_1_145' title='bbox 863 2021 1093 2109; x_wconf 86' lang='lat' dir='ltr'><strong>immiscerent,</strong></span> 
     </span>
     <span class='ocr_line' id='line_1_22' title="bbox 132 2108 1093 2194; baseline 0.004 -20"><span class='ocrx_word' id='word_1_146' title='bbox 132 2131 214 2192; x_wconf 87' lang='lat' dir='ltr'><strong>quae</strong></span> <span class='ocrx_word' id='word_1_147' title='bbox 235 2132 304 2175; x_wconf 92' lang='lat' dir='ltr'><strong>non</strong></span> <span class='ocrx_word' id='word_1_148' title='bbox 327 2110 461 2194; x_wconf 89' lang='lat' dir='ltr'><strong>inillis,</strong></span> <span class='ocrx_word' id='word_1_149' title='bbox 489 2130 569 2193; x_wconf 90' lang='lat' dir='ltr'><strong>quos</strong></span> <span class='ocrx_word' id='word_1_150' title='bbox 597 2109 675 2193; x_wconf 86' lang='lat' dir='ltr'><strong>dixi,</strong></span> <span class='ocrx_word' id='word_1_151' title='bbox 704 2108 863 2172; x_wconf 90' lang='lat' dir='ltr'><strong>indicibus</strong></span> <span class='ocrx_word' id='word_1_152' title='bbox 886 2111 1093 2194; x_wconf 87' lang='lat' dir='ltr'><strong>reperiretur.</strong></span> 
     </span>
     <span class='ocr_line' id='line_1_23' title="bbox 131 2196 1093 2281; baseline 0.008 -22"><span class='ocrx_word' id='word_1_153' title='bbox 131 2196 220 2281; x_wconf 82' lang='lat' dir='ltr'><strong>Ergo</strong></span> <span class='ocrx_word' id='word_1_154' title='bbox 243 2197 306 2262; x_wconf 92' lang='lat' dir='ltr'><strong>hoc</strong></span> <span class='ocrx_word' id='word_1_155' title='bbox 329 2198 474 2280; x_wconf 84' lang='lat' dir='ltr'><strong>exemplo</strong></span> <span class='ocrx_word' id='word_1_156' title='bbox 498 2219 555 2262; x_wconf 95' lang='lat' dir='ltr'><strong>suo</strong></span> <span class='ocrx_word' id='word_1_157' title='bbox 583 2198 711 2280; x_wconf 87' lang='lat' dir='ltr'><strong>utrique</strong></span> <span class='ocrx_word' id='word_1_158' title='bbox 739 2197 929 2280; x_wconf 86' lang='lat' dir='ltr'><strong>docuerunt,</strong></span> <span class='ocrx_word' id='word_1_159' title='bbox 957 2219 998 2263; x_wconf 85' lang='lat' dir='ltr'><strong>ex</strong></span> <span class='ocrx_word' id='word_1_160' title='bbox 1026 2223 1093 2267; x_wconf 93' lang='lat' dir='ltr'><strong>om-</strong></span> 
     </span>
     <span class='ocr_line' id='line_1_24' title="bbox 132 2281 1094 2374; baseline 0.01 -29"><span class='ocrx_word' id='word_1_161' title='bbox 132 2282 226 2346; x_wconf 92' lang='lat' dir='ltr'><strong>nibus</strong></span> <span class='ocrx_word' id='word_1_162' title='bbox 259 2281 479 2349; x_wconf 77' lang='lat' dir='ltr'><strong>Ciceronianis</strong></span> <span class='ocrx_word' id='word_1_163' title='bbox 510 2285 642 2350; x_wconf 85' lang='lat' dir='ltr'><strong>vocibus</strong></span> <span class='ocrx_word' id='word_1_164' title='bbox 674 2285 879 2348; x_wconf 86' lang='lat' dir='ltr'><strong>stultissimas</strong></span> <span class='ocrx_word' id='word_1_165' title='bbox 916 2289 1094 2374; x_wconf 89' lang='lat' dir='ltr'><strong>orationes,</strong></span> 
     </span>
     <span class='ocr_line' id='line_1_25' title="bbox 132 2370 1094 2458; baseline 0.009 -25"><span class='ocrx_word' id='word_1_166' title='bbox 132 2391 170 2433; x_wconf 84' lang='lat' dir='ltr'><strong>ex</strong></span> <span class='ocrx_word' id='word_1_167' title='bbox 192 2371 341 2434; x_wconf 89' lang='lat' dir='ltr'><strong>omnibus</strong></span> <span class='ocrx_word' id='word_1_168' title='bbox 360 2370 551 2456; x_wconf 82' lang='lat' dir='ltr'><strong>Virgilianis</strong></span> <span class='ocrx_word' id='word_1_169' title='bbox 573 2373 729 2454; x_wconf 89' lang='lat' dir='ltr'><strong>pessimos</strong></span> <span class='ocrx_word' id='word_1_170' title='bbox 752 2394 863 2437; x_wconf 79' lang='lat' dir='ltr'><strong>versus</strong></span> <span class='ocrx_word' id='word_1_171' title='bbox 885 2394 984 2458; x_wconf 90' lang='lat' dir='ltr'><strong>posse</strong></span> <span class='ocrx_word' id='word_1_172' title='bbox 1006 2397 1094 2443; x_wconf 87' lang='lat' dir='ltr'><strong>com·</strong></span> 
     </span>
     <span class='ocr_line' id='line_1_26' title="bbox 130 2455 1095 2543; baseline 0.009 -21"><span class='ocrx_word' id='word_1_173' title='bbox 130 2457 217 2542; x_wconf 87' lang='lat' dir='ltr'><strong>poni.</strong></span> <span class='ocrx_word' id='word_1_174' title='bbox 267 2455 380 2541; x_wconf 88' lang='lat' dir='ltr'><strong>Neque</strong></span> <span class='ocrx_word' id='word_1_175' title='bbox 417 2459 479 2522; x_wconf 92' lang='lat' dir='ltr'><strong>dici</strong></span> <span class='ocrx_word' id='word_1_176' title='bbox 514 2462 635 2543; x_wconf 85' lang='lat' dir='ltr'><strong>potest,</strong></span> <span class='ocrx_word' id='word_1_177' title='bbox 671 2480 768 2542; x_wconf 89' lang='lat' dir='ltr'><strong>quam</strong></span> <span class='ocrx_word' id='word_1_178' title='bbox 803 2461 883 2524; x_wconf 88' lang='lat' dir='ltr'><strong>haec</strong></span> <span class='ocrx_word' id='word_1_179' title='bbox 918 2461 1095 2532; x_wconf 90' lang='lat' dir='ltr'><strong>hominum</strong></span> 
     </span>
     <span class='ocr_line' id='line_1_27' title="bbox 72 2545 1094 2637; baseline 0.01 -27"><span class='ocrx_word' id='word_1_180' title='bbox 72 2616 75 2621; x_wconf 59' lang='grc'><em>,</em></span> <span class='ocrx_word' id='word_1_181' title='bbox 131 2545 256 2610; x_wconf 88' lang='lat' dir='ltr'><strong>somnia</strong></span> <span class='ocrx_word' id='word_1_182' title='bbox 275 2546 337 2608; x_wconf 90' lang='lat' dir='ltr'><strong>sibi</strong></span> <span class='ocrx_word' id='word_1_183' title='bbox 355 2546 517 2631; x_wconf 87' lang='lat' dir='ltr'><strong>placeant,</strong></span> <span class='ocrx_word' id='word_1_184' title='bbox 535 2567 632 2629; x_wconf 87' lang='lat' dir='ltr'><strong>quam</strong></span> <span class='ocrx_word' id='word_1_185' title='bbox 649 2568 682 2610; x_wconf 83' lang='lat' dir='ltr'><strong>se</strong></span> <span class='ocrx_word' id='word_1_186' title='bbox 701 2548 974 2635; x_wconf 86' lang='lat' dir='ltr'><strong>circumspiciant,</strong></span> <span class='ocrx_word' id='word_1_187' title='bbox 994 2574 1094 2637; x_wconf 91' lang='lat' dir='ltr'><strong>quam</strong></span> 
     </span>
     <span class='ocr_line' id='line_1_28' title="bbox 131 2633 1094 2722; baseline 0.01 -24"><span class='ocrx_word' id='word_1_188' title='bbox 131 2655 164 2698; x_wconf 91' lang='lat' dir='ltr'><strong>se</strong></span> <span class='ocrx_word' id='word_1_189' title='bbox 182 2634 386 2718; x_wconf 89' lang='lat' dir='ltr'><strong>impudenter</strong></span> <span class='ocrx_word' id='word_1_190' title='bbox 403 2633 456 2718; x_wconf 90' lang='lat' dir='ltr'><strong>iis,</strong></span> <span class='ocrx_word' id='word_1_191' title='bbox 475 2656 555 2719; x_wconf 91' lang='lat' dir='ltr'><strong>quos</strong></span> <span class='ocrx_word' id='word_1_192' title='bbox 574 2657 642 2700; x_wconf 92' lang='lat' dir='ltr'><strong>non</strong></span> <span class='ocrx_word' id='word_1_193' title='bbox 660 2635 859 2722; x_wconf 81' lang='lat' dir='ltr'><strong>intelligunt,</strong></span> <span class='ocrx_word' id='word_1_194' title='bbox 878 2640 1094 2722; x_wconf 89' lang='lat' dir='ltr'><strong>anteponant.</strong></span> 
     </span>
     <span class='ocr_line' id='line_1_29' title="bbox 131 2721 1094 2809; baseline 0.009 -21"><span class='ocrx_word' id='word_1_195' title='bbox 131 2721 283 2809; x_wconf 79' lang='lat' dir='ltr'><strong>Statium,</strong></span> <span class='ocrx_word' id='word_1_196' title='bbox 316 2723 362 2789; x_wconf 89' lang='lat' dir='ltr'><strong>ait</strong></span> <span class='ocrx_word' id='word_1_197' title='bbox 393 2745 505 2789; x_wconf 88' lang='lat' dir='ltr'><strong>eorum</strong></span> <span class='ocrx_word' id='word_1_198' title='bbox 537 2724 680 2809; x_wconf 90' lang='lat' dir='ltr'><strong>quidam,</strong></span> <span class='ocrx_word' id='word_1_199' title='bbox 713 2728 770 2789; x_wconf 88' lang='lat' dir='ltr'><strong>aut</strong></span> <span class='ocrx_word' id='word_1_200' title='bbox 797 2722 910 2789; x_wconf 92' lang='lat' dir='ltr'><strong>Silium</strong></span> <span class='ocrx_word' id='word_1_201' title='bbox 937 2725 1094 2796; x_wconf 91' lang='lat' dir='ltr'><strong>Italicum</strong></span> 
     </span>
     <span class='ocr_line' id='line_1_30' title="bbox 129 2812 1095 2884; baseline 0.008 -8"><span class='ocrx_word' id='word_1_202' title='bbox 129 2815 166 2877; x_wconf 90' lang='lat' dir='ltr'><strong>tu</strong></span> <span class='ocrx_word' id='word_1_203' title='bbox 189 2813 269 2878; x_wconf 93' lang='lat' dir='ltr'><strong>mihi</strong></span> <span class='ocrx_word' id='word_1_204' title='bbox 292 2818 349 2879; x_wconf 86' lang='lat' dir='ltr'><strong>aut</strong></span> <span class='ocrx_word' id='word_1_205' title='bbox 371 2813 538 2880; x_wconf 87' lang='lat' dir='ltr'><strong>Lucanum</strong></span> <span class='ocrx_word' id='word_1_206' title='bbox 561 2817 618 2879; x_wconf 91' lang='lat' dir='ltr'><strong>aut</strong></span> <span class='ocrx_word' id='word_1_207' title='bbox 640 2812 794 2879; x_wconf 82' lang='lat' dir='ltr'><strong>Senecam</strong></span> <span class='ocrx_word' id='word_1_208' title='bbox 815 2813 989 2879; x_wconf 84' lang='lat' dir='ltr'><strong>nominas?</strong></span> <span class='ocrx_word' id='word_1_209' title='bbox 1018 2817 1095 2884; x_wconf 87' lang='lat' dir='ltr'><strong>Ovi·</strong></span> 
     </span>
     <span class='ocr_line' id='line_1_31' title="bbox 131 2900 1095 2987; baseline 0.008 -22"><span class='ocrx_word' id='word_1_210' title='bbox 131 2901 219 2967; x_wconf 91' lang='lat' dir='ltr'><strong>dium</strong></span> <span class='ocrx_word' id='word_1_211' title='bbox 239 2903 349 2987; x_wconf 88' lang='lat' dir='ltr'><strong>etiam,</strong></span> <span class='ocrx_word' id='word_1_212' title='bbox 372 2903 424 2969; x_wconf 87' lang='lat' dir='ltr'><strong>cui</strong></span> <span class='ocrx_word' id='word_1_213' title='bbox 441 2908 569 2987; x_wconf 88' lang='lat' dir='ltr'><strong>praeter</strong></span> <span class='ocrx_word' id='word_1_214' title='bbox 586 2925 686 2967; x_wconf 90' lang='lat' dir='ltr'><strong>unum</strong></span> <span class='ocrx_word' id='word_1_215' title='bbox 704 2901 878 2987; x_wconf 83' lang='lat' dir='ltr'><strong>Virgilium</strong></span> <span class='ocrx_word' id='word_1_216' title='bbox 896 2900 1095 2972; x_wconf 86' lang='lat' dir='ltr'><strong>Latinorum</strong></span> 
     </span>
     <span class='ocr_line' id='line_1_32' title="bbox 129 2990 1094 3075; baseline 0.01 -24"><span class='ocrx_word' id='word_1_217' title='bbox 129 3010 225 3055; x_wconf 89' lang='lat' dir='ltr'><strong>nemo</strong></span> <span class='ocrx_word' id='word_1_218' title='bbox 247 3014 308 3074; x_wconf 88' lang='lat' dir='ltr'><strong>par</strong></span> <span class='ocrx_word' id='word_1_219' title='bbox 334 2991 410 3074; x_wconf 89' lang='lat' dir='ltr'><strong>fuit,</strong></span> <span class='ocrx_word' id='word_1_220' title='bbox 437 2995 641 3055; x_wconf 90' lang='lat' dir='ltr'><strong>contemnere</strong></span> <span class='ocrx_word' id='word_1_221' title='bbox 665 2990 797 3075; x_wconf 88' lang='lat' dir='ltr'><strong>audent,</strong></span> <span class='ocrx_word' id='word_1_222' title='bbox 825 3011 921 3073; x_wconf 90' lang='lat' dir='ltr'><strong>seque</strong></span> <span class='ocrx_word' id='word_1_223' title='bbox 945 2991 975 3055; x_wconf 92' lang='lat' dir='ltr'><strong>ei</strong></span> <span class='ocrx_word' id='word_1_224' title='bbox 1000 3000 1094 3060; x_wconf 88' lang='lat' dir='ltr'><strong>ante-</strong></span> 
     </span>
     <span class='ocr_line' id='line_1_33' title="bbox 129 3075 1094 3162; baseline 0.017 -28"><span class='ocrx_word' id='word_1_225' title='bbox 129 3095 249 3154; x_wconf 89' lang='lat' dir='ltr'><strong>ponere</strong></span> <span class='ocrx_word' id='word_1_226' title='bbox 272 3098 340 3140; x_wconf 95' lang='lat' dir='ltr'><strong>non</strong></span> <span class='ocrx_word' id='word_1_227' title='bbox 362 3080 521 3141; x_wconf 79' lang='lat' dir='ltr'><strong>verentur.</strong></span> <span class='ocrx_word' id='word_1_228' title='bbox 553 3075 646 3139; x_wconf 91' lang='lat' dir='ltr'><strong>Unus</strong></span> <span class='ocrx_word' id='word_1_229' title='bbox 670 3077 781 3162; x_wconf 87' lang='lat' dir='ltr'><strong>etiam,</strong></span> <span class='ocrx_word' id='word_1_230' title='bbox 803 3079 967 3162; x_wconf 87' lang='lat' dir='ltr'><strong>ceteroqui</strong></span> <span class='ocrx_word' id='word_1_231' title='bbox 989 3080 1094 3150; x_wconf 91' lang='lat' dir='ltr'><strong>homo</strong></span> 
     </span>
     <span class='ocr_line' id='line_1_34' title="bbox 130 3161 1094 3250; baseline 0.018 -30"><span class='ocrx_word' id='word_1_232' title='bbox 130 3161 377 3245; x_wconf 85' lang='lat' dir='ltr'><strong>eruditissimus,</strong></span> <span class='ocrx_word' id='word_1_233' title='bbox 401 3163 456 3226; x_wconf 90' lang='lat' dir='ltr'><strong>sed</strong></span> <span class='ocrx_word' id='word_1_234' title='bbox 478 3162 534 3226; x_wconf 90' lang='lat' dir='ltr'><strong>illo</strong></span> <span class='ocrx_word' id='word_1_235' title='bbox 554 3183 660 3228; x_wconf 90' lang='lat' dir='ltr'><strong>errore</strong></span> <span class='ocrx_word' id='word_1_236' title='bbox 682 3165 839 3250; x_wconf 90' lang='lat' dir='ltr'><strong>imbutus,</strong></span> <span class='ocrx_word' id='word_1_237' title='bbox 863 3163 969 3231; x_wconf 85' lang='lat' dir='ltr'><strong>Ovidii</strong></span> <span class='ocrx_word' id='word_1_238' title='bbox 987 3176 1094 3237; x_wconf 84' lang='lat' dir='ltr'><strong>meta-</strong></span> 
     </span>
     <span class='ocr_line' id='line_1_35' title="bbox 129 3246 1095 3347; baseline 0.018 -39"><span class='ocrx_word' id='word_1_239' title='bbox 129 3246 332 3331; x_wconf 91' lang='lat' dir='ltr'><strong>morphosin,</strong></span> <span class='ocrx_word' id='word_1_240' title='bbox 369 3248 512 3313; x_wconf 82' lang='lat' dir='ltr'><strong>divinum</strong></span> <span class='ocrx_word' id='word_1_241' title='bbox 548 3255 664 3333; x_wconf 72' lang='lat' dir='ltr'><strong>poema</strong></span> <span class='ocrx_word' id='word_1_242' title='bbox 699 3256 732 3318; x_wconf 92' lang='lat' dir='ltr'><strong>et</strong></span> <span class='ocrx_word' id='word_1_243' title='bbox 769 3254 918 3320; x_wconf 87' lang='lat' dir='ltr'><strong>omnibus</strong></span> <span class='ocrx_word' id='word_1_244' title='bbox 954 3255 1095 3347; x_wconf 81' lang='lat' dir='ltr'><strong>ingenii,</strong></span> 
     </span>
     <span class='ocr_line' id='line_1_36' title="bbox 130 3333 1094 3426; baseline 0.015 -26"><span class='ocrx_word' id='word_1_245' title='bbox 130 3333 279 3400; x_wconf 87' lang='lat' dir='ltr'><strong>omnibus</strong></span> <span class='ocrx_word' id='word_1_246' title='bbox 303 3335 504 3418; x_wconf 89' lang='lat' dir='ltr'><strong>eloquentiae</strong></span> <span class='ocrx_word' id='word_1_247' title='bbox 531 3337 707 3404; x_wconf 88' lang='lat' dir='ltr'><strong>luminibus</strong></span> <span class='ocrx_word' id='word_1_248' title='bbox 731 3343 820 3406; x_wconf 93' lang='lat' dir='ltr'><strong>omni</strong></span> <span class='ocrx_word' id='word_1_249' title='bbox 842 3363 881 3406; x_wconf 88' lang='lat' dir='ltr'><strong>ex</strong></span> <span class='ocrx_word' id='word_1_250' title='bbox 907 3347 1001 3426; x_wconf 83' lang='lat' dir='ltr'><strong>parte</strong></span> <span class='ocrx_word' id='word_1_251' title='bbox 1027 3350 1094 3414; x_wconf 92' lang='lat' dir='ltr'><strong>col·</strong></span> 
     </span>
    </p>
   </div>
   <div class='ocr_carea' id='block_1_3' title="bbox 129 3422 1095 3601">
    <p class='ocr_par' dir='ltr' id='par_1_3' title="bbox 129 3422 1095 3601">
     <span class='ocr_line' id='line_1_37' title="bbox 129 3422 1095 3523; baseline 0.013 -34"><span class='ocrx_word' id='word_1_252' title='bbox 129 3425 253 3508; x_wconf 91' lang='lat' dir='ltr'><strong>lucens,</strong></span> <span class='ocrx_word' id='word_1_253' title='bbox 275 3422 310 3487; x_wconf 89' lang='lat' dir='ltr'><strong>in</strong></span> <span class='ocrx_word' id='word_1_254' title='bbox 334 3444 406 3487; x_wconf 91' lang='lat' dir='ltr'><strong>eum</strong></span> <span class='ocrx_word' id='word_1_255' title='bbox 430 3446 622 3509; x_wconf 91' lang='lat' dir='ltr'><strong>sermonem,</strong></span> <span class='ocrx_word' id='word_1_256' title='bbox 645 3449 708 3512; x_wconf 92' lang='lat' dir='ltr'><strong>quo</strong></span> <span class='ocrx_word' id='word_1_257' title='bbox 732 3430 830 3514; x_wconf 86' lang='lat' dir='ltr'><strong>vulgo</strong></span> <span class='ocrx_word' id='word_1_258' title='bbox 848 3451 936 3496; x_wconf 92' lang='lat' dir='ltr'><strong>nunc</strong></span> <span class='ocrx_word' id='word_1_259' title='bbox 958 3433 1095 3523; x_wconf 89' lang='lat' dir='ltr'><strong>utimur,</strong></span> 
     </span>
     <span class='ocr_line' id='line_1_38' title="bbox 129 3511 1094 3601; baseline 0.012 -22"><span class='ocrx_word' id='word_1_260' title='bbox 129 3513 192 3579; x_wconf 84' lang='lat' dir='ltr'><strong>sibi</strong></span> <span class='ocrx_word' id='word_1_261' title='bbox 232 3511 483 3579; x_wconf 83' lang='lat' dir='ltr'><strong>convertendum</strong></span> <span class='ocrx_word' id='word_1_262' title='bbox 523 3514 660 3599; x_wconf 86' lang='lat' dir='ltr'><strong>curavit,</strong></span> <span class='ocrx_word' id='word_1_263' title='bbox 700 3537 755 3601; x_wconf 89' lang='lat' dir='ltr'><strong>ne,</strong></span> <span class='ocrx_word' id='word_1_264' title='bbox 796 3518 824 3582; x_wconf 90' lang='lat' dir='ltr'><strong>si</strong></span> <span class='ocrx_word' id='word_1_265' title='bbox 864 3538 935 3583; x_wconf 90' lang='lat' dir='ltr'><strong>eam</strong></span> <span class='ocrx_word' id='word_1_266' title='bbox 971 3519 1094 3592; x_wconf 90' lang='lat' dir='ltr'><strong>Latine</strong></span> 
     </span>
    </p>
   </div>
   <div class='ocr_carea' id='block_1_4' title="bbox 0 0 1170 3824">
    <p class='ocr_par' dir='ltr' id='par_1_4' title="bbox 0 0 1170 3824">
     <span class='ocr_line' id='line_1_39' title="bbox 0 0 1170 3824; baseline 0 2"><span class='ocrx_word' id='word_1_267' title='bbox 0 0 1170 3824; x_wconf 95' lang='lat' dir='ltr'><strong> </strong></span> 
     </span>
    </p>
   </div>
  </div>
 </body>
</html>
