2332 3824
100 215 162 280 198
452 210 661 268 1111111116
680 211 702 266 1.

97 360 207 446 gentia
238 361 294 424 aut
325 355 534 422 diuturnitate
566 354 664 420 studii
695 355 850 440 consequi
881 379 995 443 posse,
1026 363 1061 425 ut

98 449 207 534 aliquo
229 448 314 512 inter
333 449 447 530 pottas
469 465 603 509 numero
626 464 664 507 ac
685 443 757 508 loco
779 443 989 512 haberentur.

164 535 211 600 Ut
233 538 340 600 autem
364 533 453 598 omni
480 531 635 616 elegantis
663 531 828 596 doctrinae
856 536 1059 619 tractatione,

97 625 143 689 ita
174 624 269 688 huius
298 642 424 707 quoque
450 620 578 685 virtutis
605 621 804 703 praestantia
834 621 936 706 longe
966 646 1060 708 supra

98 716 220 777 ceteros
257 709 451 774 Graecorum
495 707 663 773 hominum
705 708 837 792 ingenia
873 710 1060 777 floruerunt.

97 799 237 864 Romani
260 801 293 862 61
315 797 416 863 serius
440 796 617 880 attigerunt
638 796 812 880 politicam,
835 799 869 861 61
892 799 1062 866 coluerunt

96 887 328 971 negligentius,
365 889 398 950 et
428 885 560 950 minime
595 884 694 968 longo
725 887 871 968 tempore
908 887 948 951 in
980 893 1061 954 recte

98 975 339 1040 scribendorum
353 977 538 1058 poematum
551 972 604 1036 via
620 972 838 1055 perstiterunt.
872 971 908 1038 si
924 976 1062 1061 quidem,

99 1086 172 1128 cum
195 1085 215 1127 a
236 1063 369 1128 rudibus
393 1061 478 1145 apud
500 1082 555 1125 eos
577 1059 704 1143 poetica
725 1060 870 1143 profecta
883 1062 1062 1150 principiis,

98 1152 230 1216 tandem
252 1172 310 1235 per
327 1150 447 1215 multos
470 1148 588 1232 gradus
602 1145 829 1234 chirgih'um
852 1153 1063 1237 pervenisset,

99 1262 163 1323 quo
185 1259 245 1322 ego
267 1237 397 1302 homine
419 1237 502 1301 nihil
525 1238 631 1301 statuo
653 1235 722 1299 fieri
743 1236 890 1319 potuisse
914 1239 1063 1325 divinius,

97 1327 144 1389 ita
165 1327 279 1409 postea
301 1345 432 1407 coepere
454 1324 585 1407 ingenia
611 1325 647 1389 in
673 1323 811 1389 deterius
834 1324 916 1410 labi,
946 1332 986 1394 ut
1009 1331 1064 1395 mi·

97 1436 171 1478 rum
194 1412 249 1497 sit,
277 1415 397 1497 quanta
420 1433 517 1495 quam
543 1412 634 1476 brevi
654 1414 799 1495 tempore
823 1413 866 1477 sit
889 1423 1065 1484 consecuta

98 1502 243 1566 mutatio.
288 1500 429 1584 Hispani
450 1502 564 1584 potitae
586 1500 755 1584 praecipue
777 1503 810 1565 61
831 1499 981 1569 Romani
1005 1529 1065 1572 ser·

99 1591 205 1654 monis
228 1589 422 1674 elegantiam
446 1588 717 1671 contaminarunt,
744 1590 792 1672 et,
815 1611 889 1653 cum
912 1592 1065 1660 inflatum

100 1677 261 1761 quoddam
284 1680 317 1741 61
343 1677 502 1741 tumidum
526 1679 559 1740 et
584 1677 690 1760 gentis
714 1697 789 1740 suae
816 1679 967 1746 moribus
993 1706 1066 1749 con-

100 1786 217 1850 gruens
238 1765 436 1830 invexissent
449 1764 603 1829 orationis
618 1785 732 1849 genus,
756 1767 945 1832 avertenmt
960 1791 1066 1837 exem·

99 1855 153 1938 plo
188 1876 245 1919 suo
278 1857 399 1919 ceteros
427 1875 452 1917 a.
477 1857 564 1917 recta
594 1853 651 1916 illa
682 1854 715 1916 ct
745 1852 898 1938 simplici,
930 1857 971 1922 in
1006 1882 1068 1946 qua

99 1943 270 2026 praecipua
291 1945 458 2026 poetarum
482 1941 543 2005 6116
565 1941 634 2004 laus
658 1943 719 2023 661,
742 1943 775 2004 61
796 1942 832 2005 in
854 1964 957 2027 quam
973 1969 1067 2032 supe-

98 2031 199 2095 riores
223 2031 311 2094 omni
334 2029 439 2095 studio
461 2029 685 2111 incubuerant,
712 2028 893 2094 imitatione
916 2037 1067 2102 naturae.

99 2117 212 2203 Itaque
231 2119 297 2182 fere
310 2121 385 2201 post
398 2116 539 2202 Augusti
551 2120 710 2201 tempora,
732 2118 769 2180 ut
783 2117 919 2202 quisquc
933 2143 1069 2190 versum

99 2206 237 2270 maxime
264 2207 443 2289 inflaverat,
471 2205 663 2270 sententiam
690 2205 828 2270 maxime
851 2210 1068 2297 contorserat,

100 2315 138 2357 66
166 2294 302 2378 denique
329 2295 425 2358 modo
456 2293 581 2358 locutus
612 2293 730 2376 fuerat,
761 2315 826 2378 quo
851 2315 951 2361 nemo
982 2303 1068 2366 serio

100 2381 218 2445 soleret
248 2382 350 2465 loqui,
386 2382 432 2445 ita
462 2381 497 2444 in
528 2381 632 2464 pretio
662 2380 774 2445 haberi
806 2382 920 2465 coepit.
980 2386 1068 2463 Quin

101 2468 198 2532 etiam
220 2467 346 2532 fucatus
368 2469 423 2533 ille
446 2468 596 2550 splendor
614 2470 647 2532 ct
666 2469 845 2534 adulterina
858 2470 1068 2556 eloquentiae

100 2556 222 2639 species
244 2557 291 2619 116
312 2556 554 2639 nonnullorum,
585 2556 641 2639 qui
663 2578 755 2622 16166
778 2557 983 2642 eloquentiae
1009 2585 1067 2649 gu-

99 2649 186 2709 stum
198 2666 267 2708 non
288 2644 422 2728 habent,
445 2644 624 2708 occaecavit
637 2646 776 2730 animos,
798 2649 836 2709 ut
857 2645 909 2710 his
933 2670 1068 2736 quoque

99 2735 299 2820 temporibus
332 2733 497 2799 extiterint
522 2732 663 2817 Hispani
695 2734 771 2817 duo,
800 2731 949 2799 homines
980 2744 1065 2804 cete-

98 2824 193 2909 roqui
220 2827 253 2889 61
278 2825 426 2908 inprimis
454 2823 570 2888 eruditi
596 2825 630 2886 et
656 2821 783 2905 scriptis
807 2821 901 2886 editis
924 2824 1066 2912 nobiles,

99 2934 237 2993 quorum
269 2914 350 2977 alter
380 2913 546 2977 Lucanum
577 2909 729 2995 Virgilio,
765 2909 847 2974 alter
877 2908 1066 2980 Martialem

99 2996 228 3062 Catullo
260 3003 455 3080 anteponere
486 2998 606 3062 veritus
635 3020 703 3062 non
734 3000 792 3063 est.
842 2995 989 3073 Quorum
1025 3003 1065 3068 ab

98 3086 236 3166 utroque
258 3085 305 3148 ita
333 3083 500 3165 dissentio,
527 3088 576 3168 ut,
604 3085 632 3150 si
660 3086 731 3170 quis
759 3086 837 3150 deus
864 3088 1066 3169 potestatem

98 3168 181 3231 mibi
208 3169 434 3253 optionemque
466 3169 576 3255 faciat,
607 3194 676 3237 non
702 3174 806 3238 dicam
833 3172 979 3259 Virgilii,
1015 3180 1067 3244 cui

97 3254 210 3320 videor
231 3255 383 3319 iniuriam
406 3257 523 3341 facere,
551 3258 580 3325 si
607 3280 680 3324 eum
702 3262 769 3327 ullo
796 3261 892 3326 modo
915 3283 991 3328 cum
1016 3289 1066 3332 ce·

99 3344 178 3410 16116
202 3364 397 3425 comparem,
420 3345 476 3409 sed
494 3345 594 3411 Ennii
617 3348 751 3414 6116111116
774 3352 831 3414 aut
852 3347 942 3414 Furii
965 3373 1067 3436 quam

100 3432 222 3498 Lucani
244 3429 346 3496 multo
370 3431 507 3498 similem
529 3436 564 3498 in
584 3435 752 3501 scribendo
771 3458 842 3502 esse
859 3459 911 3501 me
934 3441 1066 3526 malim3

100 3522 185 3587 inter
206 3517 364 3588 Martialis
389 3525 497 3587 autem
519 3527 552 3587 61
575 3521 693 3589 Catulli
716 3524 836 3608 scripta
862 3527 992 3591 tantum
1016 3530 1067 3594 in-
