2332 3824
155 193 222 258 144
521 191 658 248 ORATIO
677 191 736 247 XV.

154 342 227 404 cete
254 358 323 404 esse
351 338 563 421 demonstret,
594 339 627 400 et
659 335 781 400 civibus
815 336 883 400 suis
911 336 954 400 eb
982 358 1022 402 eo
1052 361 1118 403 me-

153 430 249 492 tuens
282 425 421 492 excludit
448 446 521 489 eum
548 424 590 488 eb
617 424 687 507 illa,
720 444 817 507 quum
847 424 1007 508 instituit,
1042 426 1117 490 civi-

153 518 230 579 tate.
272 513 374 590 Quem
399 512 545 577 imitatus
573 510 683 577 Cicero
716 512 752 575 in
779 511 1045 599 Tusculunis*),'
1065 515 1116 579 Vi-

153 605 254 680 dcsue,
285 601 405 685 inquit,
427 605 535 682 poetae
560 601 636 682 quid
663 599 742 664 moti
768 599 937 680 adferunt?
979 601 1115 667 Lomen-

154 696 252 756 tontes
282 690 433 753 inducunt
460 688 646 768 fortissimos
680 689 773 766 circe,
809 688 958 752 molliunt
992 690 1116 756 animos

153 783 283 854 nostros,
305 776 352 840 e'to
373 779 448 840 suot
467 777 574 842 deiude
591 776 704 854 deolces,
726 780 763 840 ot
778 794 842 840 ocu
861 775 1004 858 tenuntur
1017 779 1114 856 modo,

153 866 207 928 scol
240 865 333 928 etium
368 865 550 929 ediscantur.
599 863 652 928 Sic
687 864 730 928 od
763 863 881 928 ouum
916 865 1115 931 domesticam

153 952 350 1034 dunelmum
380 953 533 1035 vitemque
562 952 756 1016 umbratilem
785 956 815 1015 o
848 951 1014 1017 delicatam
1047 975 1114 1019 cum

154 1046 342 1106 accesserunt
371 1041 465 1104 etcum
488 1043 609 1122 poetae,
640 1059 747 1104 cereos
778 1058 881 1104 omoes
907 1040 1036 1106 uirtutis
1063 1043 1113 1107 eo>

154 1131 239 1194 deut.
274 1128 366 1193 Recte
391 1129 489 1210 ioitce
514 1147 537 1191 o
562 1126 695 1192 Plutone
720 1128 889 1192 eooououe
914 1147 953 1193 cco
979 1149 1018 1194 eo
1041 1131 1113 1195 eici·

155 1222 226 1295 tote,
248 1235 342 1297 quom
362 1217 458 1297 fincte
477 1215 541 1294 oe,
563 1234 634 1279 cum
655 1235 753 1281 mores
770 1216 899 1296 optimos
915 1219 945 1281 et
963 1219 1114 1299 optimum

153 1303 336 1383 respublicae
357 1307 472 1366 statum
494 1303 671 1383 exquireret.
707 1302 776 1368 Nos
799 1324 889 1387 vero,
917 1303 945 1368 si
968 1308 1008 1368 ut
1031 1303 1114 1370 Sire-

153 1411 246 1474 num,
268 1390 315 1453 ite
336 1392 506 1474 po'e'tarum
528 1393 642 1455 cantus
661 1391 787 1456 exitiosi
809 1393 899 1476 sunt,
922 1392 1113 1458 obturemus

154 1478 405 1543 adolescentium
433 1499 526 1543 eures
553 1499 657 1561 neque
684 1478 725 1543 ed
753 1500 808 1542 eos
835 1479 938 1543 ullum
965 1482 1114 1564 poeticae

155 1567 323 1631 suavitatis
360 1570 492 1651 gustum
527 1587 717 1650 permanere
752 1566 923 1651 patiemur.
976 1565 1041 1632 sed
1079 1570 1113 1653 si,

155 1653 299 1718 adhibito
331 1654 465 1738 iudicio,
497 1675 608 1718 eorum
639 1655 734 1718 lectio
766 1654 933 1719 fluctuosa
966 1659 1030 1741 est,
1064 1679 1112 1722 eu·

154 1763 299 1825 veemus,
334 1763 376 1807 ne
411 1743 567 1806 faciemus
603 1741 702 1826 idem,
738 1742 823 1825 quod
854 1742 1025 1830 Lycurgus
1057 1765 1114 1810 rex

155 1829 319 1896 Thraciae.

445 1915 559 1985 Oetere
581 1917 811 1982 desiderentur.

180 2307 264 2366 CUM
286 2307 474 2367 ANNALES
497 2306 631 2368 TAOITI
653 2306 927 2368 EXPLIOANDOS
951 2308 1089 2371 SUSCE-

558 2413 701 2471 PISSET.

462 2561 673 2646 ORATIO
705 2562 798 2648 XV.

320 2736 439 2780 HABITA
452 2739 557 2782 ROMAE
571 2742 614 2783 111
629 2742 697 2784 NON.
710 2741 779 2783 Nov.
793 2740 932 2781 MDLXXX.

218 2883 332 2970 Neque
369 2906 444 2969 pers
480 2886 547 2950 ulle
584 2884 764 2950 studiorum
803 2882 1017 2948 humanitatis
1057 2891 1116 2951 eut

154 2975 321 3038 amoenior
340 2977 389 3037 est
408 2976 465 3036 aut
482 2973 677 3036 fructuosior
704 2994 800 3055 quem
827 2970 976 3034 historia:
1005 2993 1115 3058 neque

153 3059 249 3122 ullius
273 3060 380 3143 gentis
402 3059 538 3122 historia
561 3061 623 3139 est,
646 3078 727 3140 quae
751 3082 823 3123 cum
840 3058 978 3123 historie
995 3064 1114 3146 populi

152 3140 293 3207 Romani
313 3150 370 3209 aut
383 3143 605 3228 magnitudine
620 3148 676 3208 aut
693 3147 908 3230 pulcritudine
927 3149 984 3210 aut
1002 3152 1114 3217 omnis

153 3229 280 3311 generis
308 3231 525 3314 exemplomm
558 3232 650 3314 copia
677 3237 710 3297 et
736 3234 890 3299 varietate
919 3238 1114 3303 contendat:

152 3336 256 3398 neque
275 3336 314 3378 ex
331 3317 458 3402 ingenti
477 3317 682 3405 scriptorum,
701 3322 756 3405 qui
774 3343 826 3386 res
839 3321 1004 3388 Romanas
1023 3324 1114 3391 litte-

207 3507 234 3567 *t
251 3507 287 3563 ΙΙ.
309 3512 350 3563 11.
370 3513 412 3561 2⁷.
