2400 3870
119 196 162 261 56
494 194 629 253 ORATIO
648 194 681 250 V.

885 274 904 311 δ

119 343 266 407 nostrum
292 362 327 405 se
353 361 523 405 numerum
549 339 722 425 aggregari
748 338 863 423 velint,
890 339 984 405 etin
1006 341 1081 408 eius

118 430 233 514 ipsius,
256 450 352 515 quam
375 427 624 513 oppugnabant,
647 427 760 492 castris
784 426 944 510 stipendia
966 428 1080 495 facere

119 518 289 603 incipiant,
319 516 487 581 victoriam
514 516 623 598 adepti
650 515 768 580 erimus
799 516 897 600 longe
924 515 955 580 ei
983 516 1079 582 dissi·

119 607 240 690 milam,
271 626 367 688 quam
393 606 517 668 veteres
545 601 718 668 Cadmeam
748 603 972 668 nominabant.
1012 603 1079 670 Illa

120 695 206 758 enim
229 694 262 757 et
283 692 398 756 victori
420 693 568 756 luctuosa
582 694 652 755 erat
674 694 707 755 et
719 691 819 775 victo,
832 691 912 755 haec
926 694 960 756 et
972 691 1077 758 victo·

119 781 208 845 ribus
223 779 285 844 erit
297 780 439 844 laetitiae
453 782 487 843 et
500 779 593 844 victis
607 779 712 843 saluti.
736 777 803 862 sin,
816 799 889 843 cum
902 800 936 844 se
951 779 1077 846 fractos

120 889 157 932 ac
170 869 334 952 perculsos
352 867 495 951 videant,
517 867 753 952 permanebunt
770 870 881 931 tamen
901 866 938 931 in
960 867 1077 932 eadem

119 956 278 1041 pravitate
314 959 410 1040 atque
447 955 666 1021 obstinatione
698 955 798 1019 animi
830 957 862 1019 at
892 957 931 1019 ut
960 954 1076 1041 ignavi

119 1065 214 1110 canes
236 1045 489 1130 philosophiam,
511 1044 552 1107 ad
575 1065 673 1127 quam
689 1043 822 1127 propius
836 1042 988 1107 accedere
1005 1064 1076 1109 non

35 1186 38 1191 .
119 1134 251 1217 audent,
224 1133 398 1198 teminus
413 1132 624 1196 allatrabunt·
646 1153 705 1196 vos
721 1134 846 1214 tamen,
864 1131 980 1214 optimi
998 1131 1076 1197 ado·

119 1222 289 1303 lescentes,
321 1241 458 1303 quorum
489 1239 604 1282 caussa
628 1217 682 1282 hic
708 1240 729 1282 a
754 1240 805 1283 me
832 1219 1003 1283 institutus
1025 1224 1077 1285 est

120 1329 238 1390 sermo,
270 1307 386 1391 quibus
417 1306 480 1370 mei
511 1307 638 1371 labores
670 1307 826 1391 serviunt,
863 1328 1002 1390 quorum
1032 1308 1076 1373 ad

119 1395 292 1461 utilitatem
315 1415 426 1459 omnes
449 1393 512 1458 mei
534 1398 682 1478 conatus,
705 1416 816 1459 omnes
838 1393 983 1480 vigiliae,
1007 1417 1075 1461 om·

119 1484 221 1550 nias
222 1483 313 1548 tudia
338 1483 483 1547 referunt
469 1486 535 1567 t,ur
565 1486 679 1568 urgete
710 1485 897 1549 constanter
927 1484 1076 1567 proposi·

119 1574 202 1656 tum,
228 1593 333 1655 neque
360 1571 510 1656 patimini
532 1593 591 1636 vos
618 1571 806 1654 cuiusquam
829 1570 1033 1636 sermonibus
1055 1594 1077 1636 a

121 1663 268 1743 suscepto
293 1659 398 1725 studio
422 1660 545 1725 abduci.
581 1658 622 1722 In
645 1680 683 1722 ea
701 1659 816 1723 aetatis
839 1662 931 1743 parte
955 1660 1076 1724 consti·

119 1747 182 1813 tuti
205 1747 295 1832 estis,
318 1748 353 1811 in
371 1751 481 1831 quaet
497 1746 665 1832 ingenium
683 1747 724 1810 ad
742 1747 851 1811 omnia
868 1745 1077 1830 percipienda

120 1834 268 1921 docilius,
291 1838 324 1900 et
346 1856 462 1919 corpus
481 1836 522 1900 ad
543 1834 729 1900 tolerandos
748 1834 928 1901 studiorum
945 1835 1075 1900 labores

119 1924 242 1989 firmius
265 1946 334 1989 esse
357 1923 531 1988 consuevit.
508 1922 701 2006 tVideta,
727 1924 765 1987 ut
789 1944 860 1986 eam
881 1922 980 1986 iisin
943 1926 1075 1988 mstu·

120 2012 180 2078 diis
212 2013 388 2096 collocetis,
420 2033 501 2096 quae
532 2011 625 2076 vobis
657 1973 734 2075 olim
765 2011 904 2075 maximo
936 2013 970 2074 et
999 2012 1076 2076 usui

120 2104 153 2166 et
184 2104 374 2166 ornamento
405 2101 516 2165 futura
548 2121 616 2164 esse
648 2099 851 2184 cognoscitis.
896 2096 1005 2182 Atque
1037 2103 1076 2164 ut

121 2189 390 2253 obtrectatoribus
412 2189 532 2254 nostris
555 2187 698 2272 eripiatis
721 2207 849 2251 omnem
871 2206 985 2250 ansam
1007 2208 1075 2251 ma-

120 2274 322 2358 ledicentiae,
348 2276 563 2358 connitimini,
591 2278 748 2358 quantum
772 2274 921 2358 potestis,
947 2277 986 2338 ut
1011 2275 1076 2339 vir·

121 2361 200 2426 tutis
237 2364 270 2425 et
305 2361 404 2426 officii
439 2365 623 2446 praecepta,
655 2383 736 2444 quae
773 2384 811 2427 ex
847 2383 898 2426 me
930 2362 1076 2446 quotidie

121 2448 271 2532 audietis,
310 2470 379 2514 non
418 2451 547 2513 tantum
587 2448 753 2531 excipiatis
794 2451 915 2534 animo,
961 2471 1074 2516 verum

121 2538 219 2602 etiam
241 2537 310 2601 vita
332 2539 365 2602 et
385 2536 529 2602 moribus
552 2536 746 2620 exprimatis.
773 2552 862 2605 mxl.

526 2871 676 2884 -oe-un
