2332 3824
145 219 188 285 66
522 218 659 275 ORATIO
677 218 724 274 VI.

145 400 188 412 -
212 365 268 430 sed
291 386 329 430 ex
350 364 476 429 infinita
499 364 593 448 oopia
615 384 738 447 eorum,
766 385 848 447 quae
872 365 938 432 dici
963 378 1114 460 possunt,

145 457 302 537 quantum
325 452 403 518 satis
426 472 495 516 esse
517 451 692 517 hodiernae
716 451 930 537 disputationi
955 457 1113 545 iudicavi3

145 542 287 625 qnotidie
307 544 427 623 autem,
450 543 487 604 ut
506 561 613 624 spero,
631 541 725 622 plura
743 543 776 604 et
794 540 930 607 meliora
951 544 1110 615 dieantur.

144 628 253 713 Nune,
277 627 362 712 quod
384 627 547 692 interdum
570 627 706 692 disertos
728 627 877 693 homines
905 631 1020 700 faeere
1046 639 1110 702 ani·

144 717 313 799 madverti,
340 718 378 780 ut
404 737 477 780 oum
504 715 545 779 ad
573 717 749 780 clausulam
780 717 938 783 orationis
974 728 1110 790 ventum

144 808 205 887 est,
228 804 297 887 illa,
320 803 359 868 de
382 804 498 887 quibus
521 807 669 888 egerunt,
692 802 832 868 breviter
855 826 894 869 ao
918 814 1110 878 summatim

144 891 312 976 colligant,
335 914 399 977 quo
422 914 460 956 ea
481 892 517 956 in
539 913 604 956 uno
628 895 802 975 conspeetu
824 894 933 976 posita
953 899 1059 964 altius
1077 903 1109 966 in

144 980 343 1046 audientium
375 981 490 1045 animis
522 1000 559 1045 ao
590 981 745 1045 memoria
780 979 934 1065 infigant,
972 985 1009 1050 id
1049 1009 1109 1075 ego

144 1090 272 1152 quoque
298 1069 404 1134 faeere
432 1068 540 1152 cupio,
568 1068 624 1131 sed
653 1068 728 1152 qnia
755 1067 823 1132 eius
851 1071 930 1134 artis
954 1077 1109 1161 magistri

144 1158 317 1242 singularis
336 1157 501 1222 cuiusdam
519 1155 646 1219 artificii
664 1177 735 1220 eam
752 1177 821 1220 rem
840 1157 991 1243 indigere
1007 1165 1109 1250 aiunt,

144 1247 229 1328 quod
260 1245 340 1309 mihi
372 1244 474 1327 deest,
506 1243 545 1307 ab
578 1244 642 1309 alio
676 1242 861 1328 mutuabor,
893 1248 1109 1337 recitaboque

144 1333 236 1397 vobis
263 1332 362 1396 verba
390 1330 547 1415 quaedam
573 1330 646 1397 Poli
677 1331 812 1414 Lucani,
843 1333 966 1398 nobilis
1001 1339 1108 1423 philo-

143 1420 250 1504 sophi,
286 1420 382 1484 unius
414 1441 454 1484 ex
488 1420 552 1484 illis
588 1420 749 1484 veteribus
779 1417 1014 1510 Pythagoreis,
1052 1431 1108 1514 qui

141 1511 316 1572 tenuerunt
338 1530 408 1572 eam
430 1511 556 1592 partem
577 1507 705 1591 Italiae,
727 1527 808 1590 quae
827 1529 949 1593 magna
967 1511 1108 1582 Graecia

142 1597 330 1661 vocabatur:
363 1597 479 1681 quibus
510 1596 615 1661 verbis
648 1616 772 1660 summa
804 1615 915 1660 eorum
946 1604 1108 1690 omnium,

143 1705 224 1767 quae
252 1706 272 1747 a
299 1706 349 1749 me
376 1685 472 1750 hodie
500 1684 585 1748 diota
612 1687 700 1766 sunt,
728 1683 919 1749 continetur.
961 1687 1106 1772 Iustitia,

140 1772 260 1856 ¹inquit,
287 1778 454 1838 ceterorum
480 1774 618 1837 omnium
643 1773 793 1836 virtatem
812 1791 930 1853 pereas
952 1781 984 1839 et
1005 1780 1108 1846 altrix

142 1863 279 1927 vocanda
304 1862 383 1927 mat
408 1862 539 1939 videtur,
566 1879 659 1942 aeque
684 1861 751 1924 siae
777 1880 814 1924 ee
838 1861 908 1942 fiet
929 1883 1038 1945 posse,
1071 1875 1109 1935 at

142 1953 306 2034 qaisquam
327 1956 384 2016 eat
404 1954 575 2032 temperans
596 1949 649 2026 sit,
671 1948 850 2029 eratfortis,
878 1954 936 2012 aret
949 1957 1106 2032 prudens.

142 2039 205 2104 Est
234 2041 315 2105 enim
345 2039 510 2104 harmonia
539 2038 690 2120 quaedam
721 2042 751 2102 et
772 2056 841 2118 pos
872 2038 966 2103 totius
999 2046 1108 2110 animi

143 2148 212 2192 oum
234 2134 304 2210 apto
327 2133 356 2192 et
376 2128 538 2210 composito
560 2131 653 2191 mota.
684 2125 780 2190 Illius
801 2128 903 2188 eutem
920 2135 1047 2206 quanta
1065 2136 1109 2199 eit

142 2217 202 2291 eis,
225 2217 325 2296 magis
347 2235 362 2278 e
384 2221 549 2279 ceterorum
570 2214 731 2278 habituum
757 2214 940 2294 inspectione
962 2224 1107 2298 cognosci

140 2305 243 2382 potest.
279 2301 365 2364 Nom
388 2307 552 2365 ceterorum
573 2303 720 2366 utilitates
740 2302 784 2365 ed
803 2320 902 2365 uatem
918 2305 1009 2368 modo
1028 2329 1106 2389 per-

143 2388 254 2463 tineat
282 2387 376 2451 teias
401 2389 445 2451 ad
465 2389 584 2463 emata,
611 2407 689 2466 qaae
711 2390 876 2468 composita
897 2396 984 2468 suat,
1007 2400 1040 2460 et
1063 2400 1107 2463 ad

141 2475 376 2539 multitudinem.
411 2474 464 2538 Ea
484 2475 582 2555 igitar
602 2474 638 2536 ia
659 2475 774 2538 mando
795 2477 916 2556 quidem
932 2483 1105 2558 prosim.

143 2564 189 2626 tia
209 2566 335 2626 vocatur
356 2565 385 2625 et
404 2560 570 2626 harmonio
587 2564 616 2624 et
635 2560 786 2627 indictam
803 2568 832 2627 et
848 2585 932 2629 mens
949 2565 1104 2651 Deorum,

141 2650 196 2732 qut
221 2650 268 2713 tto
298 2653 486 2726 statueraat;
516 2649 552 2712 tn
584 2649 703 2714 civitate
733 2656 835 2716 auem
859 2673 928 2734 poe
958 2660 988 2717 et
1018 2657 1104 2725 dom

142 2739 240 2820 legam
258 2738 430 2803 constitutio
448 2737 555 2802 merito
572 2738 701 2816 attritam
722 2740 758 2803 tn
773 2741 898 2822 pavete
915 2740 1017 2819 domo,
1037 2750 1104 2814 virt

141 2826 263 2907 attidem
289 2832 318 2892 et
342 2828 450 2892 axoris
476 2832 586 2892 mutae
613 2828 785 2906 eoncordia,
811 2847 965 2893 sertorem
993 2839 1103 2902 aretem

141 2915 177 2977 ia
208 2916 346 2982 dominos
377 2917 473 2982 bones
503 2919 638 2993 animas,
670 2920 699 2980 et
729 2917 864 2981 vicissim
894 2915 930 2978 tn
961 2916 1103 2992 domitto

143 3002 245 3066 omno
271 3009 301 3068 et
330 3005 470 3069 benevola
491 3000 655 3068 'serveram
680 3005 875 3083 procurati&
907 3004 943 3067 ta
973 3024 1103 3089 corpore

42 3111 44 3117 ·
142 3093 244 3153 aanor
271 3096 300 3154 et
324 3093 441 3169 animo,
463 3092 604 3170 primam
631 3091 753 3170 quidem
779 3112 827 3168 ea,
856 3111 933 3172 quae
955 3097 1102 3165 omnibus

142 3178 304 3241 carissimo
338 3183 423 3255 suat,
458 3179 523 3241 otto
557 3181 586 3240 et
620 3176 699 3241 bono
733 3179 872 3243 valetudo
907 3183 936 3242 et
969 3180 1101 3264 ὀπώρη·-

144 3269 191 3328 tas
221 3265 349 3342 anam,
381 3270 447 3329 tam
472 3269 575 3327 autem
600 3266 753 3346 sapientie
780 3266 935 3346 omnisque
960 3268 1100 3338 seientia.

145 3351 229 3432 Quae
263 3353 360 3434 igitar
393 3372 459 3417 seno
493 3355 523 3415 et
557 3355 653 3416 totam
687 3357 716 3417 et
743 3357 850 3435 portes
884 3355 931 3417 ita
961 3357 1040 3434 regit
1071 3368 1102 3427 et

143 3443 254 3517 servat,
285 3439 419 3521 efficiens
446 3438 551 3504 omnia
576 3440 657 3504 inter
682 3459 714 3504 se
740 3442 900 3504 comedia
930 3444 959 3504 et
984 3445 1099 3527 amica,

143 3529 252 3610 quidet
277 3528 446 3593 comatae
472 3526 611 3592 ommam
631 3545 748 3609 parens
774 3531 804 3591 et
829 3527 926 3592 eltrta
955 3529 1099 3599 omnium
