2332 3824
103 118 143 184 18
486 117 622 176 ORATIO
640 119 676 175 11.

100 263 184 330 ravit
204 268 360 350 armatos,
382 267 419 330 ut
438 264 490 330 vel
511 263 717 329 inimicorum
734 265 960 339 confessione
979 274 1064 340 omni

99 349 160 418 bus
187 353 359 438 triumphis
385 352 540 419 maiorem
563 351 698 436 adeptus
724 351 880 423 lauream
906 360 1065 428 diceretur.

100 439 171 507 Hac
202 441 353 507 instructi
382 441 438 526 qui
470 443 560 525 sunt,
590 439 694 506 maius
727 443 887 511 omnibus
924 451 1065 534 tyranm

98 528 269 614 imperium
294 529 329 593 in
355 528 503 594 homines
531 526 692 612 obtinent3
720 528 748 593 si
770 531 913 614 quidem
943 538 1067 622 tyranni

98 621 237 771 Possunt
253 616 301 681 illi
315 617 444 701 quidem
458 638 593 701 corpora
607 616 829 703 constringere
833 669 845 703 ,
861 623 994 692 animis
1007 627 1066 692 nul-

112 726 165 771 um
192 703 343 769 adhibere
365 704 431 770 vim
457 708 607 789 possunt,
634 704 670 769 hi
691 725 767 770 vero
791 705 1068 781 dominanturin

99 792 229 877 animis,
249 812 393 878 quaeque
413 792 493 876 ipsis
512 792 650 859 honesta
668 795 765 878 atque
784 795 885 861 utilia
907 801 1069 888 videntur,

99 900 137 945 oo
151 878 337 946 nonfacere
359 880 455 947 modo
471 880 565 966 alios,
579 880 635 946 sed
649 881 746 946 etiam
759 881 842 947 velle
857 894 1012 975 cogunt3
1028 892 1069 957 illi

98 967 208 1035 invitis
222 968 397 1055 imperant,
414 969 449 1035 hi
463 970 659 1054 volentibus3
677 969 725 1034 illi
741 971 774 1035 et
792 969 942 1040 oderunt
957 999 1069 1045 omnes

99 1059 132 1123 ot
146 1056 249 1125 odiosi
264 1061 341 1125 sunt
353 1057 517 1141 omnibus,
534 1056 595 1122 hos
609 1057 645 1121 in
659 1079 754 1124 omne
769 1057 950 1129 hominum
965 1087 1069 1152 genus

98 1146 259 1212 loonoficos
281 1148 436 1232 perpetua
459 1144 603 1210 omnium
627 1145 853 1211 benevolentia
876 1154 1067 1220 comitatur.

98 1232 211 1317 Noquo
220 1253 296 1299 vero
310 1254 386 1317 non,
400 1231 456 1317 qui
465 1232 682 1317 eloquentiam
691 1235 899 1300 contemnere
913 1260 954 1304 se
970 1243 1067 1308 simu-

98 1320 181 1405 lant,
203 1320 290 1386 illius
312 1319 545 1406 praestantiam
564 1321 764 1407 intelligunt,
787 1321 843 1386 sed
861 1326 955 1406 quod
982 1352 1066 1397 asse

99 1408 154 1493 qui
173 1428 241 1475 non
259 1411 396 1563 queunt,
418 1408 576 1474 invidiose
593 1410 775 1494 vituperare
795 1411 938 1497 malunt,
965 1438 1065 1502 quam

98 1496 238 1581 ingenuo
282 1518 298 1562 e
321 1497 540 1563 imbecillitate
563 1519 693 1563 suarum
715 1499 832 1564 virium
854 1501 1022 1572 confiteri.

166 1584 329 1652 Orationis
352 1586 453 1673 igitur
474 1606 565 1651 meae
590 1608 715 1651 summa
737 1609 775 1653 eo
798 1586 882 1651 redit
904 1588 1064 1679 denique:

99 1669 196 1737 otiam
220 1672 246 1737 si
271 1672 354 1739 nihil
381 1674 468 1740 aliud
491 1673 628 1738 anobis
654 1675 870 1759 requireretur
891 1696 995 1760 quam
1026 1687 1064 1748 ut

99 1760 328 1847 erxplieuronrus
355 1764 525 1847 poetarum
550 1760 692 1847 fabulas,
720 1766 753 1828 et
779 1763 941 1830 iuventuti
965 1772 1062 1852 quasi

100 1850 180 1937 vioe,
203 1848 318 1937 quibus
337 1848 377 1916 ad
397 1848 523 1916 dicendi
543 1849 732 1916 facultatem
748 1851 915 1935 pervenire
934 1863 1061 1943 posset,

98 1938 325 2026 indicaremus,
356 1941 467 2006 tamen
495 1959 599 2024 nequa
626 1939 829 2004 mediocriter
859 1940 1060 2024 reipublicae

99 2028 249 2113 proclosso
272 2050 346 2116 nos,
368 2050 472 2116 neque
495 2027 602 2114 parvis
624 2027 660 2092 in
679 2028 776 2092 rebus
796 2030 1058 2098 contemnendis·

99 2138 159 2201 (liro
184 2118 312 2185 versari.
357 2117 453 2184 Nunc
475 2120 605 2183 tontum
626 2116 731 2201 abest,
758 2120 795 2181 ut
817 2137 856 2180 ea
878 2117 984 2182 solum
1008 2143 1057 2186 re·

98 2203 273 2355 lidii
290 2205 690 2358 illidit-‘titi
716 2204 1056 2380 tinditlitigiffi?

563 2341 572 2375 7

98 2377 186 2443 tione
215 2380 363 2461 oporteat
389 2378 528 2443 tinctum
554 2397 623 2442 essa
651 2397 737 2461 eum,
764 2379 820 2461 qui
846 2401 964 2445 munus
990 2382 1056 2448 hoc

99 2486 172 2531 cunr
190 2465 283 2531 laude
303 2464 461 2532 sustinere
475 2465 654 2530 meditetur.
677 2463 791 2549 Itaque
808 2466 871 2532 hoc
888 2468 974 2532 inter
992 2491 1055 2536 nos

98 2556 131 2617 ot
154 2553 233 2619 ulios
257 2553 404 2637 interest,
432 2553 519 2639 quod
541 2553 596 2617 alii
619 2573 674 2617 eos
700 2555 844 2620 tractent
870 2556 1054 2644 scriptoreS,

99 2662 234 2725 quorum
263 2662 328 2706 uno
356 2641 464 2725 aliquo
488 2641 527 2705 de
554 2661 671 2726 genere
697 2643 768 2708 tota
791 2643 965 2728 disputatio
989 2650 1053 2711 est:

97 2749 165 2794 non
184 2729 270 2795 onim
292 2727 360 2795 fore
380 2729 415 2794 in
433 2728 523 2795 libris
542 2728 781 2796 dialecticorum
798 2732 1054 2819 physicorum,

99 2820 155 2881 out
177 2817 212 2882 in
234 2818 288 2903 iis,
316 2816 431 2903 quibus
454 2817 630 2884 medicinae
652 2819 770 2885 iurisvs
794 2820 895 2884 civilis
918 2820 1054 2886 scientia

99 2906 296 2990 continetur,
319 2906 494 2993 quidquam
516 2907 669 2991 reperias,
692 2908 782 2973 cuius
804 2908 1053 2993 intelligentiam

98 3013 166 3059 non
190 3016 228 3059 cx
250 2995 314 3060 illis
336 2995 429 3079 ipsis,
452 2992 626 3077 dequibus
649 2995 796 3080 inscripti
817 2999 906 3080 sunt,
929 2997 1053 3061 artibus

98 3084 242 3163 repetere
263 3081 380 3166 possis:
404 3083 439 3145 at
458 3080 552 3146 nobis
573 3082 596 3146 ii
615 3083 758 3166 quotidie
777 3088 853 3148 sunt
873 3085 1054 3168 explicandi

98 3165 186 3250 libri,
209 3167 265 3251 qui
285 3189 359 3233 cum
379 3168 491 3252 scripti
514 3168 580 3232 sint
598 3190 617 3231 a
635 3170 712 3234 viris
736 3173 824 3237 omni
847 3173 981 3236 scientia
1001 3195 1053 3236 ex-

100 3255 207 3339 cultis,
238 3255 302 3340 ipsi
334 3276 461 3340 quoque
492 3256 742 3323 innumerabiles
773 3260 862 3324 locos
894 3281 933 3324 ex
965 3262 1054 3324 omni

99 3343 340 3429 disciplinarum
373 3363 490 3446 genere
519 3342 727 3428 depromptos
757 3345 888 3413 habent.
939 3345 1053 3431 Itaque

100 3432 210 3519 ceteri,
242 3432 340 3519 etiam
367 3453 395 3497 sr
422 3453 494 3498 eam
522 3452 621 3497 unam
651 3435 754 3497 artem
784 3437 917 3499 teroemt
956 3455 1054 3507 quam
