2332 3824
99 150 141 214 70
465 147 600 207 ORATIO
619 147 680 204 VII.

98 294 257 361 videatur:
294 296 339 361 sic
379 315 454 381 ego,
495 295 523 360 si
558 315 596 359 ea
631 315 683 359 me
718 292 925 360 traditurum
962 295 1065 363 dicere

98 386 214 470 ausim,
238 384 354 470 quibus
377 384 564 468 eloquentes
586 381 656 447 fieri
678 382 820 467 possint,
848 384 974 450 merito
998 385 1065 450 irri-

99 473 188 558 dear,
207 495 280 538 cum
297 472 361 556 ipsi
377 471 458 537 mihi
476 493 587 538 eorum
605 469 780 555 perexigua
796 491 877 555 pars
899 475 1065 558 suppetat,

99 563 151 626 sin
172 561 206 625 id
228 562 357 625 tantum
379 561 496 644 dicam,
519 581 614 644 posse
632 579 683 623 me
702 558 756 642 iis,
779 559 837 643 qui
855 559 1063 645 eloquentiae

99 650 206 714 studio
229 652 394 731 tenentur,
416 649 497 732 vias,
520 668 602 734 quac
625 646 666 710 ad
687 647 778 731 illam
799 646 928 732 ferant,
957 653 1061 715 osten·

101 736 188 819 dere,
211 739 244 800 et
266 735 307 800 ad
329 736 363 800 id
386 735 472 820 quod
495 735 688 800 adamarunt
714 736 986 819 consequendum
1009 737 1062 802 ali·

99 823 176 906 quid
195 823 266 907 opis
285 823 413 908 afferre,
436 845 581 909 caussae,
604 826 641 888 ut
663 822 793 907 opinor,
815 823 901 888 nihil
927 824 987 910 sit,
1010 847 1063 892 cur

98 933 150 975 me
173 911 342 996 quisquam
364 916 422 977 aut
442 913 579 977 nimium
600 910 680 976 mihi
702 910 872 975 adsumere
894 915 998 997 amne
1016 935 1061 978 ar·

98 1020 214 1086 rogare
242 1000 328 1066 dicat
354 1004 412 1068 aut
438 1021 478 1067 ea
502 999 660 1086 polliceri,
687 1019 769 1084 quae
795 1001 969 1083 praestare
997 1023 1062 1068 non

124 1111 229 1154 ossrm.

98 1112 120 1174 P
166 1176 276 1242 Nolite
299 1181 420 1261 autem,
443 1176 617 1262 auditores,
640 1174 835 1260 existimare,
858 1198 912 1242 me
926 1179 1060 1264 vulgare

100 1264 221 1347 aliquid
252 1264 345 1329 vohis
372 1267 405 1328 et
435 1265 471 1328 in
497 1265 602 1330 medio
629 1264 772 1349 positum
798 1264 964 1350 polliceri,
992 1289 1061 1332 oum

99 1351 254 1437 polliceor
280 1373 331 1417 me
358 1351 451 1418 vobis
477 1352 603 1418 itineris
630 1352 743 1417 ducem
771 1352 812 1416 ad
839 1352 1062 1437 eloquentiam

99 1440 183 1525 fore,
205 1461 309 1525 neque
331 1441 378 1505 ita
401 1440 603 1525 eloquentiae
624 1461 745 1507 nomen
763 1440 914 1525 accipite,
936 1446 978 1507 ut
996 1443 1061 1508 vul·

101 1547 143 1612 go
168 1528 270 1614 accipi
293 1530 467 1596 consuevit.
503 1528 609 1595 Hodie
636 1528 723 1593 enim
749 1531 788 1593 ut
814 1528 887 1613 quis
912 1531 1062 1616 vulgaria

100 1615 267 1681 rhetorum
285 1622 457 1702 praecepta
477 1620 640 1701 utcunque
664 1616 775 1680 didicit
793 1617 826 1680 et
843 1616 879 1679 in
894 1613 1062 1684 Ciceronis

102 1703 229 1789 scriptis
251 1708 381 1770 tantum
402 1705 512 1791 posuit
538 1725 667 1789 operae,
693 1707 743 1787 ut,
770 1703 918 1769 adhibito
941 1704 1064 1772 Nizolii

100 1792 198 1880 libro,
215 1793 319 1878 possit
337 1795 516 1860 orationem
534 1796 591 1858 aut
608 1793 778 1876 epistolam
797 1792 953 1878 scribere,
971 1795 1064 1860 cuius

101 1885 173 1947 tum
200 1883 346 1969 singulae
372 1903 480 1965 voces,
511 1885 582 1946 tum
614 1881 684 1965 ipsa
711 1880 809 1944 etiam
836 1883 1005 1947 structura
1033 1887 1065 1949 et

103 1972 271 2038 collocatio
295 1969 482 2038 Ciceronem
505 1971 603 2054 oleat,
625 1968 774 2054 protinus
796 1988 917 2052 magno
948 1991 1065 2037 eorum

103 2079 276 2144 consensu,
308 2061 362 2144 qui
389 2059 471 2124 nihil
497 2058 594 2123 altius
621 2059 678 2122 aut
705 2055 873 2121 sublimius
903 2059 1066 2144 cogitant,

103 2148 283 2230 eloquentis
310 2169 441 2214 nomen>
461 2147 604 2212 assumit.
643 2144 757 2229 Itaque
785 2144 813 2208 si
839 2143 878 2207 de
906 2147 1067 2231 quopiam

102 2235 240 2298 istorum
270 2239 490 2317 percunctere,
521 2257 601 2299 num
626 2230 809 2315 Platonem,
840 2230 1067 2321 Aristotelem,

104 2320 364 2405 Theophrastum
390 2322 517 2406 legerit,
550 2321 686 2403 denique
713 2342 792 2384 num
818 2319 1067 2404 philosophiam

104 2408 262 2493 attigerit,
281 2406 427 2492 negabit:
447 2428 481 2472 se
500 2408 599 2490 enim,
617 2406 728 2470 relicto
748 2407 820 2471 aliis
833 2407 1066 2493 philosophiae

105 2495 224 2578 studio,
247 2494 449 2578 eloquentiae
471 2494 575 2578 gloria
598 2494 786 2559 contentum
807 2495 917 2560 fuisse.
954 2496 1066 2573 Quid?

103 2583 318 2665 Herodotum,
341 2580 573 2666 Thucydidem,
595 2579 846 2667 Xenophontem
869 2605 968 2667 quam
993 2587 1067 2653 dili·

105 2674 218 2758 genter
241 2669 445 2753 studioseque
467 2669 664 2736 versaverit?
700 2669 833 2755 Aliquid
860 2691 893 2735 se
920 2671 1066 2742 fortasse

105 2782 144 2825 ex
180 2760 225 2825 eis
261 2760 379 2825 libasse
415 2758 512 2844 dicet,
549 2760 605 2825 sed
639 2761 867 2845 properantem
903 2761 936 2822 et
973 2763 1067 2830 aliud

105 2853 325 3004 tlgahlllelderid
350 2849 681 3024 idltiurmlladlheddlrllo
697 2846 1068 3018 qdldldladtelceetldlldlddlh

187 2989 193 3003 ⁸
659 2985 668 3019 ἲ

104 3024 320 3108 ingenuarum
352 3026 483 3108 artium,
513 3025 560 3087 ite
587 3024 788 3106 eloquentiae
816 3022 908 3106 quasi
934 3022 1068 3094 fontem

106 3112 267 3192 quendam
303 3132 372 3176 esse
409 3112 533 3193 dicunt,
568 3107 773 3196 Sophoclem,
806 3109 1011 3197 Euripidem,
1046 3139 1070 3182 a

107 3218 170 3280 quo
199 3197 319 3280 optime
347 3198 391 3261 ali
422 3196 639 3281 eloquentiam
665 3198 729 3282 ipsi
761 3199 962 3282 eloquentiae
995 3222 1068 3267 ma-

107 3284 201 3370 gistri
221 3283 445 3369 prodiderunt,
473 3287 595 3349 ceteros
618 3284 755 3369 denique
778 3285 917 3352 Graecos
945 3288 978 3351 et
1001 3288 1067 3354 La·

106 3375 194 3439 tinos
220 3373 333 3455 po'e'tas
359 3374 507 3438 accurate
534 3371 754 3455 pervolutasti.
790 3373 891 3450 Quem
913 3377 950 3438 tu
972 3377 1066 3463 mihi,

107 3462 226 3547 inquit,
256 3458 447 3544 Homerum,
479 3480 574 3544 quem
606 3455 812 3545 Sophoclem,
844 3483 925 3545 quas
955 3483 1066 3550 nugas
