2332 3824
98 125 143 189 40
475 122 611 180 ORATIO
630 123 677 178 IV.

98 267 243 335 honestis
271 268 453 334 actionibus
481 266 596 350 carpit:
623 266 663 330 iis
690 266 821 351 fruitur,
851 266 893 332 iis
919 275 1069 337 mentem

98 357 215 442 pascit,
237 357 277 422 iis
301 377 334 421 se
358 355 512 444 oblectat,
539 376 593 419 eas
616 355 701 420 solas
724 376 815 420 caras
839 376 878 420 ac
901 356 1067 425 iucundas

98 445 206 511 habet.
241 444 328 510 Nam
354 445 392 507 ut
418 443 455 507 in
481 443 649 507 beatorum
670 443 785 507 insulis
813 442 971 511 dicuntur
996 468 1065 512 esse

100 534 230 599 arbores
258 531 417 616 quaedam
444 530 598 614 adspectu
624 530 888 615 iucundissimae,
923 555 1063 617 quarum

98 622 135 688 in
160 619 259 685 ramis
286 621 357 684 toto
385 619 464 683 anni
490 622 635 702 tempore
663 639 791 684 cernere
814 623 865 683 est
887 621 973 687 alios
996 622 1061 687 fru-

100 712 170 775 ctus
192 707 286 771 mites
313 706 434 771 iamet
460 706 501 772 ad
524 707 743 772 maturitatem
765 707 956 793 perductos,
980 711 1063 777 alios

99 798 364 879 maturescentes,
386 794 467 859 alios
489 795 648 879 pubentes
670 794 775 859 adhuc
799 798 832 858 et
857 795 894 858 in
916 797 1060 880 primum

101 905 134 948 se
148 883 260 948 florem
272 882 456 947 induentes:
480 883 525 947 sic
547 883 583 947 in
596 905 719 967 eorum,
742 883 797 967 qui
818 904 893 948 vere
912 905 952 948 ac
977 887 1060 950 serio

100 971 384 1057 philosophantur,
419 971 535 1036 animis
567 974 638 1037 toto
669 971 754 1037 vitae
790 973 937 1054 tempore
977 973 1059 1038 aliae

101 1061 243 1127 actiones
265 1060 422 1125 honestae
445 1081 482 1124 ae
504 1059 681 1124 laudabiles
704 1058 869 1125 confectae
891 1059 960 1124 iarn
984 1063 1059 1126 sunt

101 1152 134 1214 et
156 1149 336 1232 absolutae,
359 1148 440 1211 aliae
463 1147 499 1212 in
517 1168 555 1212 eo
579 1149 655 1211 sunt
668 1149 706 1211 ut
728 1147 953 1232 absolvantur,
979 1149 1060 1213 aliae

100 1237 295 1300 inchoantur
318 1235 422 1299 adhuc
445 1238 478 1299 et
499 1233 718 1300 informantur
739 1234 930 1319 primisque,
952 1240 993 1301 ut
1014 1237 1060 1301 ita

101 1323 248 1407 dixerim,
279 1322 374 1387 lineis
401 1323 621 1407 designantur.
656 1321 770 1406 Itaque
793 1322 931 1386 aliarum
953 1345 1061 1390 recor·

101 1411 231 1476 datione
254 1432 292 1474 ae
314 1410 526 1494 conscientia,
550 1410 685 1475 aliarum
707 1410 900 1475 tractatione
914 1431 953 1476 ao
967 1434 1062 1495 prae·

55 1535 59 1543 ·
102 1500 219 1583 sentia,
242 1499 379 1564 aliarum
400 1497 609 1564 meditatione
632 1501 665 1563 et
687 1498 917 1582 prospicientia
941 1500 988 1564 sic
1015 1500 1061 1565 af-

101 1586 266 1673 ficiuntur,
302 1587 384 1652 nihil
418 1591 456 1652 ut
491 1585 554 1651 sibi
589 1590 755 1671 praeterea
789 1586 967 1652 iucundum
1004 1592 1063 1653 aut

102 1675 239 1740 amabile
271 1676 463 1740 existiment.
506 1672 669 1739 Immensa
698 1675 796 1739 etiam
821 1674 878 1739 illa
905 1677 939 1739 et
970 1676 1062 1741 inex-

102 1763 228 1848 plebilis
256 1762 559 1828 accumulandarum
586 1783 685 1848 opum
712 1762 862 1844 aviditas,
890 1784 990 1846 quam
1011 1765 1063 1829 in·

103 1856 226 1917 certum
249 1856 311 1936 est,
333 1851 427 1936 copia
441 1873 484 1915 an
505 1851 616 1934 inopia
630 1852 733 1937 magis
747 1850 912 1935 incendat,
934 1851 1063 1917 radices

103 1961 199 2025 agere
220 1941 256 2005 in
278 1939 385 2005 animo
413 1938 638 2023 philosophiae
664 1938 843 2024 praeceptis
872 1939 1001 2005 consito
1029 1945 1064 2005 et

103 2031 229 2093 exculto
251 2049 319 2094 non
341 2031 458 2112 potest.
490 2025 573 2102 Quid
595 2027 664 2092 ita?
695 2012 856 2092 Nimirum
879 2027 956 2110 quia
979 2027 1063 2092 haec

102 2115 136 2180 id
159 2117 209 2180 vel
227 2115 396 2198 praecipue
413 2116 450 2181 in
468 2136 600 2181 suorum
613 2115 729 2180 animis
745 2115 871 2199 inserit,
893 2116 1064 2181 naturales

104 2223 181 2284 opes
204 2205 237 2265 et
258 2202 447 2267 terminatas
470 2224 540 2268 esse
562 2205 596 2267 et
616 2203 712 2267 facile
729 2202 902 2287 parabiles3
925 2223 979 2267 eas
1006 2205 1064 2287 qui

104 2288 239 2372 adeptus
276 2289 330 2372 sit,
366 2289 450 2354 nihil
486 2290 516 2354 ei
552 2290 688 2372 amplius
726 2290 954 2374 appetendum3
990 2313 1065 2359 non

105 2377 159 2461 qui
198 2377 372 2461 plurimum
410 2377 542 2461 habeat,
583 2377 638 2441 sed
678 2375 734 2458 qui
773 2377 942 2442 minimum
978 2377 1064 2444 desi·

105 2465 206 2549 deret,
247 2465 440 2530 ditissimum
476 2487 558 2547 esse3
598 2463 680 2527 nihil
720 2465 832 2549 magni
867 2465 1065 2552 faciendum,

105 2552 190 2636 quod
218 2574 317 2636 aeque
344 2554 503 2637 pessimus
530 2555 627 2634 atque
655 2550 796 2634 optimus
823 2553 957 2636 quisque
986 2575 1065 2620 con-

106 2641 195 2724 sequi
217 2641 329 2724 possit.

170 2727 284 2812 Neque
306 2732 416 2793 tamen
438 2750 550 2794 eorum
572 2726 741 2793 consilium
767 2730 897 2814 probat,
925 2728 982 2811 qui
1005 2735 1066 2797 aut

106 2838 219 2881 aurum
249 2818 285 2881 in
316 2839 404 2882 mare
436 2815 603 2897 abiecisse,
639 2819 696 2881 aut
731 2817 949 2900 possessiones
986 2838 1065 2885 suas

105 2905 243 2969 incultas
267 2926 304 2969 ae
327 2905 468 2970 desertas
490 2903 656 2987 reliquisse
683 2901 953 2989 memorantur*):
980 2904 1065 2972 haec

106 2992 192 3055 enirn
215 2996 272 3056 aut
293 2992 485 3077 ignavorum
506 2991 676 3057 hominurn
698 2992 861 3075 videntur,
888 2993 945 3057 aut
966 3012 1065 3074 pecu-

105 3079 161 3142 nia
192 3081 241 3144 uti
272 3081 499 3162 nescientium3
531 3100 669 3162 quorum
700 3085 870 3164 utrumque
902 3080 937 3144 in
968 3079 1064 3164 vitio,

105 3167 231 3231 nonin
257 3167 352 3233 laude
379 3166 565 3251 ponendum
592 3171 649 3233 est.
690 3168 740 3233 Ac
766 3170 855 3233 fuere
879 3168 1007 3250 quidem
1030 3168 1064 3252 ii,

107 3255 145 3318 de
178 3254 293 3339 quibus
324 3255 381 3319 illa
413 3257 601 3340 narrantur,
633 3256 833 3340 philosophi,
864 3256 920 3320 sed
952 3254 1063 3320 rudior

161 3449 187 3516 *)
205 3445 279 3501 Illud
297 3445 331 3499 de
349 3444 507 3515 Aristippo,
526 3445 635 3506 hoedo
653 3444 813 3502 Democrito
831 3447 969 3500 narratur.
987 3445 1025 3500 ll
