2332 3824
102 156 146 222 90
477 153 680 211 coamens

135 426 405 492 manasserus
427 426 668 488 EXPLANARE
691 427 731 488 M.
757 427 791 489 Τ.
816 427 1043 497 CICERONIS

373 531 514 594 LIBROS
536 532 589 593 DE
612 530 787 595 OFFICIIS.

419 684 631 769 ORATIO
662 684 736 768 IX.

226 860 346 902 HABITA
359 860 465 903 ROMAE
478 860 523 902 III.
536 859 606 902 NON.
618 859 772 903 novum
785 861 951 909 HDLXXIV.

166 1005 379 1073 Decreveram
409 1005 472 1070 hoc
501 1024 586 1069 anno
618 1003 848 1088 pulcerrimum
881 1011 1068 1097 consilium,

101 1095 188 1180 quod
219 1116 305 1161 anno
333 1093 496 1179 superiore
524 1112 682 1176 ceperam,
708 1094 861 1176 persequi
895 1100 933 1162 et
962 1099 1066 1166 denuo

99 1182 270 1249 Platonem
293 1203 366 1247 cum
389 1178 542 1246 Cicerone
566 1179 774 1264 coniungere,
797 1183 871 1246 tum
893 1188 937 1250 ut
961 1188 1065 1255 adole-

100 1273 226 1335 scentes
239 1270 274 1333 in
288 1267 395 1333 studio
407 1266 601 1332 Graecarum
614 1267 808 1353 litterarum,
823 1290 907 1354 quas
921 1278 1064 1343 maximo

101 1380 174 1422 cum
201 1356 300 1422 animi
331 1355 394 1421 mei
421 1355 532 1422 dolore
563 1376 752 1421 evanescere
783 1359 818 1421 et
848 1359 894 1424 ad
923 1362 1064 1429 nihilum

99 1445 239 1510 recidere
253 1465 424 1528 secumque
439 1465 534 1510 omne
548 1444 756 1529 elegantioris
774 1444 947 1514 doctrinae
962 1473 1063 1537 genus

99 1534 228 1599 trahere
259 1533 366 1617 video,
400 1555 460 1618 pro
492 1554 564 1598 mea
599 1532 685 1597 virili
718 1535 811 1616 parte
847 1537 1062 1624 continerem,

100 1625 170 1685 tum
196 1623 234 1686 ut
264 1622 484 1687 nobilissimus
515 1620 741 1705 philosophus,
775 1621 865 1686 cuius
899 1629 982 1692 ante
1013 1649 1061 1693 me

99 1710 135 1775 in
166 1708 217 1774 his
249 1709 368 1775 scholis
399 1731 578 1793 nunquam,
613 1711 651 1773 ut
688 1709 816 1793 opinor,
852 1712 971 1779 audita
1003 1738 1062 1782 vox

101 1802 182 1884 erat,
213 1798 382 1884 paullatim
417 1797 607 1862 familiarior
636 1795 756 1880 iactus,
791 1797 967 1867 uberrimis
1000 1804 1061 1869 illis

101 1888 278 1972 sapientiae
318 1889 351 1952 et
393 1885 594 1969 eloquentiae
630 1882 725 1950 suae'
742 1884 888 1951 fontibus
926 1889 1062 1977 ingenia

100 1980 213 2042 nostra
245 1974 405 2060 copiosius
437 1977 471 2039 ot
502 1973 719 2040 abundantius
750 1973 911 2058 irrigaret.
955 1977 1062 2046 Aliter

100 2066 205 2132 visum
225 2065 345 2146 estiis,
364 2085 501 2148 quorum
518 2065 601 2128 nutu
619 2065 715 2146 atque
734 2063 929 2129 auctoritate
947 2071 1062 2135 nostra

101 2155 245 2218 omnium
273 2151 380 2218 studia
411 2151 607 2236 diriguntur,
640 2150 695 2235 qui
722 2150 788 2215 sive
816 2150 897 2215 mihi
925 2154 968 2218 ad
997 2159 1060 2221 tra·

101 2240 264 2321 ctandam,
287 2240 353 2304 sive
376 2239 467 2305 vobis
491 2238 532 2302 ad
554 2238 793 2323 percipiendam
815 2236 1061 2311 Platonicarum

100 2326 356 2408 disputationum
392 2327 584 2410 gravitatem
614 2347 682 2390 non
718 2327 796 2391 eatis
832 2347 903 2392 esse
941 2330 1060 2398 virium

99 2413 284 2496 iudicarint,
307 2413 373 2477 sive
391 2413 427 2477 in
445 2434 483 2477 eo
502 2412 588 2476 aliud
607 2413 773 2496 quippiam
791 2415 892 2479 secuti
911 2417 994 2504 sint,
1018 2457 1059 2468 -

99 2523 167 2567 non
190 2500 276 2564 enim
297 2499 348 2563 fas
370 2498 465 2563 nobis
488 2520 557 2562 esse
581 2499 720 2565 arbitror
741 2500 777 2566 in
804 2506 916 2568 eoruln
939 2506 1060 2574 iudicia

100 2588 256 2654 curiosius
283 2586 457 2670 inquirere,
484 2622 527 2633 —
555 2608 683 2652 omnem
715 2611 735 2654 a
766 2611 816 2655 me
847 2590 945 2657 huius
981 2597 1060 2661 anni

100 2699 231 2763 operam
257 2676 293 2740 in
318 2695 384 2740 uno
412 2672 565 2742 Cicerone
592 2678 737 2743 consumi
768 2679 961 2747 maluerunt.
999 2683 1060 2749 Pa·

99 2788 226 2831 reamus
239 2765 390 2852 libenter,
408 2768 446 2831 ut
458 2786 518 2851 par
532 2769 593 2852 est,
611 2765 663 2851 iis,
682 2767 797 2850 quibus
816 2788 929 2852 parere
945 2791 1060 2839 omnes

100 2855 231 2940 debent,
259 2854 408 2941 quodque
435 2856 513 2940 ipsis
540 2856 675 2941 placuit,
702 2855 736 2919 id
764 2855 832 2920 sine
861 2856 929 2920 ulla
956 2863 1059 2927 retra·

100 2946 241 3010 ctatione
264 2946 377 3011 melius
401 2967 470 3010 esse
493 2945 667 3008 credamus.
703 2941 781 3009 Non
800 2942 899 3026 enim,
921 2965 964 3011 ne
985 2970 1059 3034 gra·

99 3032 238 3095 cissimis
262 3033 390 3115 quidem
412 3033 448 3096 in
469 3032 578 3114 rebus,
604 3033 732 3095 tantum
756 3032 842 3116 apud
864 3052 924 3096 nos
948 3038 1061 3104 valere

98 3117 166 3179 ulla
201 3119 417 3198 probabilium
452 3117 615 3181 rationum
650 3123 815 3185 momenta
851 3119 984 3208 debent,
1023 3130 1063 3191 ut

98 3224 166 3267 non
188 3204 291 3268 multo
318 3207 392 3288 plus
418 3205 547 3269 illorum
569 3204 620 3268 vel
642 3205 737 3271 iussis
760 3207 810 3272 vel
839 3207 983 3276 consiliis
1007 3216 1062 3280 vel

101 3291 293 3356 auctoritate
316 3313 510 3357 moveamur.

165 3377 443 3445 Pervolutabimus
479 3378 579 3463 igitur
613 3379 676 3446 hoc
708 3404 794 3448 anno
830 3404 945 3449 aureos
983 3387 1062 3457 illos

99 3468 143 3535 Μ.
167 3466 264 3534 Tullii
289 3466 389 3532 libros
417 3468 456 3533 de
484 3466 607 3532 officiis.
643 3467 801 3544 Quicum
826 3473 892 3535 tres
915 3471 997 3560 sint,
1025 3482 1062 3544 et
