2332 3824
173 181 236 247 192
537 182 673 240 ORATIO
691 183 767 240 XIX.

171 327 280 411 dedat,
305 326 546 412 ingurgitetque
568 348 602 391 se
629 327 665 390 in
686 327 778 392 illum
801 329 1014 401 uberrimum
1039 339 1075 401 et
1097 338 1146 402 ab·

171 414 440 480 undantissimum
463 414 663 500 eloquentiae
689 415 828 500 iontem,
855 420 1012 488 retinens
1037 446 1145 510 perpe-

170 508 228 569 tuo
251 504 352 587 1111111,
380 524 476 587 quam
499 524 519 566 1
540 502 698 587 principio
720 504 941 591 instituimus,
972 517 1143 577 consuetu·

171 592 292 676 dinem,
313 593 351 656 ut
365 589 485 655 Graeca
498 602 571 656 111111
592 589 730 675 Latinis,
753 592 873 659 similia
887 616 966 661 cum
981 599 1142 667 similibus

171 680 323 746 conferat.
369 676 532 744 Ciceronis
569 679 721 763 epistolas
758 702 832 746 cum
867 682 975 768 leget,
1019 690 1141 754 evolvat

171 768 282 833 eodem
305 765 411 832 studio
439 765 599 853 Platonis,
626 766 791 852 Isocratis,
818 767 1063 842 Demosthenis
1090 777 1140 843 ali·

170 876 325 939 orumque
349 853 544 921 Graecorum
571 854 736 939 epistolas,
769 878 850 941 quae
882 858 919 923 in
954 861 1025 928 duo
1055 867 1138 930 volu·

169 943 258 1009 mine
281 946 452 1028 congestae
478 939 727 1027 reperiuntur*).
771 943 826 1009 Ad
855 945 960 1011 libros
999 951 1041 1015 de
1072 953 1136 1017 rhe

169 1032 271 1097 111111
299 1032 436 1116 scriptos
462 1031 618 1116 adiungat
643 1030 828 1099 Aristotelis
856 1033 962 1099 libros
995 1039 1136 1104 eiusdem

170 1121 363 1205 argumenti,
395 1140 539 1204 quaeque
566 1119 676 1183 eadem
708 1119 746 1184 de
773 1140 808 1185 re
835 1118 1021 1206 Dionysius
1051 1127 1135 1192 Hali·

170 1229 370 1291 carnasseus,
400 1205 583 1273 Demetrius
614 1205 867 1292 Alexandrinus,
898 1209 1135 1300 Hermogenes,

168 1294 335 1378 Longinus
358 1294 476 1378 aliique
499 1294 613 1359 Graeci
639 1295 755 1361 litteris
776 1296 1003 1380 prodiderunt.
1054 1303 1134 1371 Oica

167 1383 256 1448 ronis
280 1377 440 1447 orationes
455 1403 528 1447 cum
541 1380 783 1468 Demosthenis,
805 1383 998 1471 Aeschinis,
1023 1390 1133 1476 Lysiae

168 1472 366 1556 aliorumque
387 1472 531 1535 veterum
554 1471 753 1537 orationibus
780 1477 962 1558 comparet,
987 1477 1132 1566 dialogos

169 1561 207 1625 dc
230 1558 435 1643 philosophia
452 1580 525 1625 cum
548 1559 684 1644 dialogis
701 1558 928 1644 Xenophontis
943 1566 980 1627 et
1004 1568 1131 1651 quibus-

168 1648 242 1713 dam
264 1647 418 1712 Platonis.
462 1647 591 1713 Interea
618 1648 887 1715 oblectamentum
915 1651 983 1716 sibi
1007 1675 1050 1718 ex
1075 1657 1131 1721 1111

168 1756 284 1821 genere
319 1739 487 1819 po'e'tarum
522 1739 625 1820 petat,
660 1733 836 1801 Pindarum
870 1758 946 1802 oum
983 1739 1130 1826 Horatio,

167 1824 368 1909 Euripidem,
409 1821 614 1908 Sophoclem,
652 1821 848 1908 Aeschylum
887 1846 963 1890 cum
1004 1829 1129 1914 Seneca,

166 1913 377 1997 Apollonium
391 1934 464 1977 curn
476 1911 607 1978 Valerio
620 1911 744 1996 Flacco,
758 1912 996 1997 epigrammata
1011 1918 1129 1985 Graeca

167 2023 240 2067 cum
272 1999 399 2066 Catullo
431 2003 465 2064 et
494 1999 642 2065 Martiale
673 2001 862 2088 committat
910 2000 1008 2069 Idem
1036 2009 1128 2074 faciat

166 2090 201 2153 in
214 2088 386 2173 historicis,
399 2086 608 2173 Herodotum,
622 2088 852 2172 Thucydidem,
865 2088 1127 2178 Xenophontem,

166 2176 338 2262 Polybium
369 2199 442 2242 cum
473 2176 577 2259 Livio,
609 2175 775 2260 SallustiO,
806 2177 918 2241 Tacito
947 2183 1125 2250 conferens.

165 2265 211 2330 Et
234 2265 386 2349 quoniam
407 2286 511 2349 neque
537 2265 673 2330 historia
703 2265 768 2329 nisi
794 2265 924 2350 cognito
952 2269 1046 2339 orbis
1070 2276 1125 2338 ter·

165 2375 274 2417 rarum
297 2354 375 2436 situ,
403 2374 508 2437 neque
530 2352 583 2418 hic
605 2353 674 2419 sine
697 2353 804 2439 alique
825 2353 1125 2426 mathematicarun

166 2440 283 2504 artium
306 2441 489 2524 cognitione
512 2441 634 2524 percipi
654 2444 776 2526 potest,
804 2441 856 2505 his
878 2463 1009 2527 quoqne
1034 2449 1124 2513 utris·

166 2549 227 2613 que
253 2527 409 2610 temporis
436 2527 557 2612 aliquid
588 2527 761 2612 impertiet
806 2527 888 2594 Oum
915 2529 956 2596 ad
985 2534 1124 2617 plenam,

164 2619 202 2680 ut
222 2614 301 2680 iuris
324 2618 469 2681 auctores
491 2615 681 2700 loquuntur,
702 2618 917 2702 pubertatem,
945 2620 980 2683 id
1009 2628 1063 2689 est
1089 2623 1125 2689 ad

165 2727 268 2772 annos
292 2703 467 2770 octodecim
488 2704 681 2790 pervenerit,
704 2706 853 2790 graviore
873 2706 1068 2777 meditetur:
1092 2733 1125 2777 ac

164 2796 305 2881 primum
333 2796 461 2882 quidem
488 2794 662 2880 analyticos
684 2797 717 2858 et
746 2792 925 2860 dialectices
951 2805 1126 2885 praecepta

164 2907 232 2951 non
255 2908 294 2951 ex
315 2884 524 2951 barbarorum
546 2883 682 2967 lacunis,
710 2883 765 2947 sed
787 2904 827 2947 ex
848 2881 1027 2949 Aristotele
1055 2888 1125 2973 ipso

165 2975 199 3036 et
221 2972 350 3038 Graecis
373 2971 558 3036 Aristotelis
580 2971 808 3056 interpretibus
835 2970 976 3054 hauriat,
1003 2973 1042 3038 in
1067 2977 1125 3043 eis·

165 3079 227 3140 que
249 3079 322 3123 vere
344 3079 382 3121 ac
405 3058 487 3123 serio
510 3056 676 3123 biennium
698 3061 889 3125 exerceatur.
931 3056 1004 3124 Hoc
1028 3066 1126 3130 modo

163 3145 345 3224 praecultus
368 3165 405 3208 11
427 3147 634 3227 praeparetis
661 3146 859 3231 adolescens,
889 3147 917 3212 si
944 3150 1051 3215 1111111
1076 3176 1126 3218 ae-

163 3230 264 3292 tatem
287 3230 412 3313 exigere
435 3231 470 3292 in
492 3229 558 3295 otio
581 3232 738 3300 litterario
752 3236 853 3319 volet,
874 3235 1002 3299 abunde
1024 3239 1128 3308 habet

1164 1883 1166 1950 l

170 3435 452 3566 149’1311111111111111
475 3437 645 3495 Graecarum
663 3440 805 3497 Collectio.
843 3441 969 3498 Venetiis
992 3459 1039 3516 ap.
1061 3450 1126 3506 Ald.

385 3618 474 3636 *-
