2332 3824
142 194 207 258 140
496 190 640 248 ORATIO
659 190 732 246 XIV.

139 359 307 422 nunquam
325 336 551 437 exhilaremur,
573 355 808 417 nonnunquam
826 332 962 397 etiam''
940 355 994 416 ns,
1016 355 1101 418 quae

139 426 216 490 ficta
244 447 313 490 esse
342 446 458 489 sc1mus
464 474 473 507 ,
499 423 745 507 illacrymemur.
786 420 848 486 Vir
874 422 1100 486 sanctissimus

140 518 174 578 et
200 513 450 596 eruditissimus,
476 511 628 575 Aurelius
650 509 854 594 Augustinus
882 530 978 592 saepe
1005 511 1100 574 uber-

140 602 200 666 tim
226 601 352 666 flevisse
380 621 428 682 se,
456 620 528 662 cum
551 598 688 663 Didonis
715 599 853 661 mortem
880 597 966 681 apud
989 596 1100 682 Virgi-

141 690 221 754 lium
242 689 376 772 legeret,
404 649 623 772 cbnfitetur*).
664 684 726 751 Sed
752 684 852 750 hoe
842 706 878 749 m
900 706 938 749 eo
966 689 1102 786 propter

141 775 368 860 singularem
358 775 460 858 ipsius
483 774 663 840 bonitatem
685 773 792 837 minus
819 772 958 837 fortasse
981 774 1101 838 mirum

140 864 241 929 uideri
275 865 392 946 potest.
440 862 526 928 Vere
562 862 648 926 enim
682 861 745 926 hoc
777 858 891 924 Graeci
926 863 1100 945 proverbio

142 952 265 1036 dicunt,
286 951 438 1017 bonos
408 972 494 1016 rrros
511 950 622 1014 faciles
642 971 711 1013 esse
730 948 770 1012 ad
789 948 1100 1036 lacrymandum**).

142 1039 225 1116 Quid
257 1039 344 1125 quod
378 1039 456 1103 feris
493 1059 620 1122 quoque
657 1058 695 1101 ac
729 1036 875 1100 barbaris
911 1036 1100 1101 hominibus

143 1131 176 1192 et
202 1128 298 1192 caede
326 1148 363 1191 ac
392 1126 549 1210 sanguine
574 1124 792 1210 gaudentibus
815 1127 967 1207 podmata
988 1128 1100 1189 tamen

141 1215 392 1280 misericordiam
423 1213 587 1277 interdum
618 1215 651 1276 et
682 1215 839 1296 lacrymas
873 1214 1100 1278 commovent?

141 1298 436 1386 Alexandrum***)
464 1299 682 1364 Pheraeorum
713 1304 889 1384 tyrannum
917 1301 1099 1385 accepimus

142 1411 255 1473 aspero
284 1409 381 1472 supra
407 1388 539 1453 modum
566 1391 599 1452 et
624 1388 742 1452 immiti
768 1392 865 1472 atque
892 1388 1025 1454 efferato
1053 1391 1100 1454 in-

143 1479 238 1562 genio
261 1477 376 1561 fuisse,
402 1475 450 1541 ita
475 1479 514 1541 ut
539 1476 687 1541 homines
710 1476 791 1540 alios
813 1477 903 1541 rivos
926 1476 1101 1563 defoderat,

143 1566 224 1629 alios
253 1587 404 1649 aprorum
430 1586 642 1648 ursorumque
669 1565 808 1647 pellibus
834 1567 938 1629 tectos
966 1565 1101 1630 canibus

142 1653 358 1717 venatricibus
385 1653 556 1717 laniandos
588 1652 788 1736 obiicereret,
818 1652 915 1734 idque
947 1653 1010 1717 sibi
1042 1675 1100 1737 pro

141 1741 219 1805 ludo
247 1743 343 1824 atque
371 1741 607 1806 oblectamento
638 1740 786 1822 haberet3
819 1739 976 1823 quasdam
1003 1741 1101 1805 etiam

143 1829 289 1894 civitates
321 1830 440 1893 amicas
471 1849 509 1893 ac
545 1829 661 1912 socias,
696 1827 847 1891 immissis
880 1827 949 1892 sine
986 1849 1102 1893 caussa

143 1913 445 2002 spiculatoribus†),
485 1919 616 1999 repente
651 1916 817 1980 universas
854 1917 1101 1981 contrucidaret.

144 2003 261 2070 Coram
291 2006 353 2070 hoc
385 2004 565 2089 agebantur
598 2003 770 2086 aliquando
803 2001 968 2087 Euripidis
1002 2004 1101 2070 Troa-

144 2094 209 2178 des,
232 2094 352 2177 quain
378 2092 490 2162 fabula
517 2092 663 2157 dolenter
691 2091 864 2155 admodum
891 2091 1102 2176 deplorantur

144 2181 358 2246 Troianorum
399 2180 607 2245 calamitates.
659 2178 767 2245 Homo
813 2180 959 2262 quamvis
1008 2203 1103 2266 asper

144 2272 178 2332 et
202 2268 392 2352 indomitus,
424 2289 581 2351 quemque
608 2268 699 2332 nulla
726 2288 869 2351 unquam
896 2288 947 2331 res
974 2269 1016 2332 ad
1044 2271 1102 2333 mi-

144 2355 351 2420 sericordiam
390 2354 518 2419 flectere
559 2356 732 2439 potuisset,
774 2355 874 2420 sensit
913 2358 1026 2421 tamen
1068 2380 1101 2422 se

143 2442 284 2527 podtices
327 2442 475 2506 cantibus
517 2443 719 2506 commoveri.
768 2441 883 2527 ltaque
919 2445 1031 2508 statim
1069 2467 1102 2510 se

143 2530 303 2614 proripuit
326 2550 343 2592 e
365 2530 507 2612 theatro,
533 2529 703 2613 indignum
726 2551 795 2594 esse
824 2531 946 2616 dicens,
974 2554 1022 2615 se,
1050 2534 1102 2598 cui

143 2621 194 2682 tot
229 2619 367 2700 strages,
402 2619 453 2680 tot
487 2616 616 2680 urbium
652 2617 862 2702 direptiones,
897 2623 948 2684 tot
983 2622 1103 2686 civium

145 2705 302 2788 exquisita
328 2707 491 2769 tormenta
517 2725 684 2789 nunquam
713 2706 890 2791 lacrymam
920 2729 1021 2773 unam
1050 2730 1102 2773 ex-

144 2794 281 2878 primere
308 2794 504 2878 potuissent,
531 2792 684 2860 Hecubae
707 2798 741 2859 et
762 2795 1013 2860 Andromachae
1036 2819 1103 2861 ma-

144 2883 184 2947 lis
224 2883 426 2968 illacrymari.
482 2881 586 2959 Quam
630 2884 696 2947 uim
736 2885 905 2967 poetarum
944 2882 1102 2949 Horatius

144 2973 258 3037 merito
292 2993 365 3036 cum
397 2971 662 3036 funambulorum
690 2973 723 3034 et
748 2991 918 3056 magorum
950 2974 1103 3056 operibus

144 3059 352 3142 comparavit.

145 3231 222 3368 mx)
242 3229 364 3285 Confess.
385 3232 405 3284 Ι.
426 3237 467 3285 13.
562 3231 594 3266 **
595 3225 734 3300 )Ἀγαθοὶ
756 3226 781 3286 d'
800 3226 971 3302 ἅριδάκρυες
989 3228 1047 3288 clud
1048 3253 1103 3303 pec.

145 3387 205 3425 am
194 3299 474 3425 llllllllllnll
487 3233 668 3426 144441Ᾱῖ14
688 3308 748 3427 ll?
758 3319 800 3426 ria
821 3309 889 3427 ll?
903 3254 1105 3443 Palliaeltill

144 3439 626 3565 {regnantoribuautwr1d00tiad
641 3441 708 3497 Suet
696 3445 753 3497 t.on
778 3442 865 3515 Calig.
881 3449 924 3498 44.
939 3376 1104 3500 docuerunt.

172 3531 189 3566 u
212 3531 230 3565 n
