2332 3824
168 169 210 234 68
527 166 671 259 ,ΟΒΑᾘΟ
690 167 751 223 vu.

168 317 250 381 rimo
273 319 423 400 quartum
450 314 515 378 iam
546 334 682 394 annum,
708 331 829 396 magna
858 314 1059 382 auditorum
1080 317 1136 383 fre

169 406 314 488 quentia,
327 423 447 487 magna
460 401 560 465 animi
574 400 781 466 contentione
795 405 1005 489 versantem,
1023 411 1136 489 vestra,

169 490 355 558 Cardinales
387 488 590 572 amplissimi,
626 489 662 553 in
694 487 798 553 modio
836 510 937 556 cursu
977 493 1135 577 insistere,

169 581 322 662 aliudque·
345 598 462 642 munus
490 577 650 661 suscipere
678 576 785 661 coegit
810 579 1007 646 auctoritas.
1045 581 1135 666 Nam,

169 690 241 733 cum
263 667 361 732 homo
389 663 674 750 eruditissimus*),
702 665 757 748 qui
784 665 957 732 tradendis
982 671 1134 755 eloquen-

168 756 232 818 tiae
255 754 435 838 praeceptis
457 754 492 817 in
514 753 576 818 hac
594 753 673 819 urbe
692 758 920 839 consenuerat,
944 760 983 821 et
1006 759 1134 824 adflicta

168 842 352 907 valetudine
384 844 417 906 et
447 843 519 926 ipsa
545 842 612 906 iam
644 845 748 907 aetate
781 842 884 906 otium
917 863 959 908 ac
995 848 1134 931 quietem

169 931 367 1014 postulante,
390 931 575 996 missionem
594 952 614 994 a
636 930 727 995 vobis
746 929 1018 999 honestissimam
1037 936 1132 1021 impe

169 1023 301 1104 trasset,
336 1041 396 1084 nec
428 1020 457 1084 ei
492 1019 586 1083 facile
623 1038 787 1083 successor
822 1018 961 1084 idoneus
1001 1024 1133 1108 reperiri

170 1130 264 1192 posse
286 1108 460 1173 videretur:
486 1106 568 1170 mihi
589 1106 793 1189 potissimum
815 1106 1044 1176 mandandam
1068 1133 1133 1178 esse

170 1197 211 1260 ab
239 1217 276 1260 eo
306 1196 490 1260 derelictam
517 1194 694 1277 proviciam
722 1194 900 1260 censuistis.
937 1195 1073 1266 Parebo
1100 1201 1133 1265 li·

170 1283 264 1365 bens,
299 1286 336 1346 ut
372 1282 486 1363 debeo,
522 1283 708 1348 auctoritati
743 1285 868 1347 vestrae
905 1305 1018 1368 neque
1056 1289 1134 1354 mihi

171 1370 344 1454 quidquam
370 1391 514 1453 unquam
541 1392 561 1435 a
587 1371 679 1436 vobis
710 1372 895 1454 imponetur
922 1377 984 1437 aut
1013 1376 1135 1442 laboris

171 1462 227 1523 aut
241 1459 361 1543 oneris,
374 1459 458 1542 quod
473 1480 541 1524 non
555 1480 615 1543 ego
629 1462 780 1542 prompto
794 1461 890 1542 atque
904 1460 1010 1527 alacri
1025 1466 1134 1532 animo

171 1547 316 1631 subeam,
352 1568 496 1632 quaeque
531 1547 611 1612 mibi
647 1569 668 1610 a
702 1546 794 1613 vobis
829 1547 992 1632 imperata
1030 1559 1136 1638 erunt,

170 1656 336 1717 nunquam
372 1639 430 1701 aut
465 1635 662 1719 aspernabor
696 1639 734 1700 ut
763 1635 861 1700 nimis
891 1636 1049 1725 humilia,
1081 1647 1136 1708 aut

170 1727 208 1788 ut
238 1724 334 1790 nimis
366 1723 467 1789 ardua
498 1724 710 1789 extimescam.
755 1722 908 1788 Vestrum
941 1729 993 1791 est
1028 1729 1135 1797 decer·

170 1834 247 1878 nere
275 1834 312 1878 ac
338 1816 492 1895 statuere,
523 1833 620 1895 quam
652 1833 671 1875 a
698 1826 824 1895 quoque
855 1815 1008 1878 nostrum
1038 1818 1136 1885 huius

172 1902 264 1986 quasi
302 1901 497 1986 reipublicae
536 1900 711 1967 litterariae
747 1903 872 1984 partem
908 1900 1137 1974 administrari

172 2013 210 2056 ac
241 1991 406 2076 procurari
436 1989 554 2072 velitis,
585 1992 732 2054 nostrum
767 2008 879 2073 parere
910 1992 943 2053 et
974 1997 1138 2062 mandata

172 2084 279 2146 vestra
306 2078 472 2162 subsequi,
503 2098 606 2160 neque
637 2098 780 2161 unquam
805 2077 853 2140 ita
878 2077 975 2142 nobis
1003 2083 1137 2164 plaeere

173 2171 230 2230 aut
259 2170 389 2231 tantum
420 2166 514 2231 nobis
545 2164 699 2248 tribuere,
729 2168 768 2229 ut
798 2164 837 2228 de
869 2167 977 2230 vestro
1010 2169 1137 2240 iudicio

172 2253 357 2317 iudicemus.

238 2338 397 2421 Equidem
421 2340 507 2422 quod
530 2341 570 2404 ad
593 2361 643 2402 me
667 2340 796 2422 attinet,
823 2363 927 2426 neque
953 2343 1063 2412 ullam
1089 2373 1138 2416 ar·

172 2432 252 2511 tem,
284 2447 365 2509 quae
397 2427 525 2510 quidem
556 2426 696 2491 hominis
727 2426 862 2511 ingenui
893 2429 1001 2496 studio
1031 2435 1139 2523 digna

174 2517 228 2598 sit,
256 2514 417 2581 sordidam
444 2517 477 2578 et
504 2513 661 2578 abiectam
688 2534 757 2579 esse
784 2514 880 2601 duco,
908 2521 941 2581 et
962 2517 1070 2607 hanc,
1097 2529 1137 2591 ad

174 2624 271 2686 quam
292 2601 481 2666 tradendam
504 2622 591 2666 nunc
613 2622 723 2684 vocor,
746 2624 871 2690 semper
892 2605 1139 2680 nobilissimam

174 2691 366 2776 existimavi,
393 2693 438 2775 et,
470 2690 497 2755 si
525 2691 617 2756 aliter
644 2691 808 2775 sentirem,
838 2693 986 2759 fortassis
1019 2700 1140 2769 tamen

173 2800 242 2844 non
259 2803 385 2847 vererer
402 2779 521 2846 imitari
543 2780 704 2846 Laconem
721 2781 825 2860 illum,
845 2781 900 2865 qui
917 2780 952 2844 in
970 2787 1139 2876 convivio,

175 2874 316 2938 extremo
343 2871 414 2938 loco
441 2872 547 2936 iussus
570 2870 769 2952 accumbere,
796 2869 1011 2934 convivatoris
1040 2874 1139 2963 inge.

173 2959 264 3022 nium
292 2980 329 3023 ac
355 2960 507 3024 iudicium
534 2957 782 3041 commendavit,
809 2958 863 3040 qui
890 2957 1052 3023 rationem
1081 2987 1138 3032 ex-

175 3047 363 3129 cogitasset,
386 3067 450 3129 qua
471 3047 519 3109 illi
542 3064 669 3128 quoque
691 3045 762 3109 loco
786 3045 978 3130 dignitatem
1000 3066 1138 3135 compa-

173 3134 269 3196 raret.
305 3132 381 3197 Non
408 3134 495 3197 enim
520 3135 662 3214 tanturn,
688 3135 727 3196 ut
748 3133 846 3217 vulgo
870 3132 1000 3217 dicitur,
1027 3144 1138 3225 magi-

176 3222 295 3284 stratus
318 3221 423 3285 virum
441 3219 582 3286 ostendit
600 3222 633 3282 et
655 3220 695 3300 in,
711 3220 781 3286 luce
799 3221 968 3286 hominum
982 3223 1137 3316 collocat,

176 3306 231 3373 sed
258 3307 355 3371 etiam
389 3328 484 3391 saepe
515 3307 740 3391 magistratum
771 3309 812 3393 is,
845 3309 901 3394 qui
931 3329 1004 3375 eum
1036 3317 1136 3405 gerit,

224 3504 250 3572 ³¹³)
268 3498 420 3557 Caesarius.
