2332 3824
102 179 166 246 154
464 176 600 235 ORATIO
619 176 692 233 XVL

98 328 239 392 tractare
257 323 383 390 animus
406 324 489 406 erat,
511 322 540 387 si
562 343 673 388 eorum
690 320 783 388 vobis
804 324 992 408 temporum
1013 324 1059 388 hi·

100 414 233 480 storiam
259 432 486 499 proponerem,
517 411 633 495 quibus
664 411 803 496 populus
830 411 869 475 R.
897 411 980 477 foris
1007 412 1058 476 ad-

99 523 211 567 uersus
234 501 388 566 barbaras
406 502 534 584 gentes,
557 499 644 563 domi
666 498 820 564 adversus
842 499 924 564 vitia
946 522 1058 585 perpe·

100 593 193 655 tuum
215 590 335 654 bellum
353 587 498 672 gerebat,
520 608 625 671 neque
643 589 767 653 ceteros
785 587 926 672 populos
944 589 1059 654 bellica

99 679 204 762 magis
235 677 354 741 virtute
386 696 483 759 quam
515 675 702 740 innocentia
729 678 763 740 et
789 676 982 760 integritate
1010 700 1058 742 su·

99 765 242 850 perabat.
278 762 378 828 Abire
400 764 436 827 in
459 785 579 848 mores,
607 785 688 848 quae
716 763 885 829 discuntur
908 765 945 828 in
970 765 1058 830 scho-

99 853 152 936 lis,
184 855 217 915 ot
243 873 282 916 ea
307 852 375 916 fere
403 873 560 936 quemque
586 851 744 917 imitando
772 852 964 936 exprimere,
993 854 1057 937 qui·

98 941 160 1005 bus
186 940 331 1026 legendis
360 940 589 1023 audiendisque
615 962 696 1024 puer
718 941 904 1005 assueverit.
945 939 1057 1025 Neque

100 1028 246 1114 deerant,
269 1028 355 1114 quod
378 1028 526 1112 equidem
543 1028 636 1093 'valde
654 1029 790 1093 miratus
808 1050 893 1113 sum,
917 1030 974 1113 qui
992 1052 1057 1094 non

100 1117 286 1182 dubitarent
312 1117 392 1181 mihi
418 1118 566 1181 auctores
589 1137 672 1200 esse,
699 1116 727 1180 si
754 1138 805 1181 res
833 1117 893 1183 sub
917 1116 1056 1202 Impera·

99 1206 224 1272 toribus
252 1208 360 1289 gestas
387 1203 536 1288 persequi
562 1204 691 1288 vellem,
717 1206 756 1268 ut
784 1202 976 1269 Suetonium
1004 1229 1056 1290 po·

100 1294 165 1356 tius
193 1313 290 1374 quam
313 1291 461 1355 Tacitum
488 1313 659 1356 sumerem:
688 1313 783 1376 quem
805 1293 869 1376 ipsi
892 1297 927 1357 et
949 1295 1057 1359 melio·

99 1401 168 1444 rem
204 1378 317 1444 Tacito
354 1377 417 1442 Lat
402 1378 541 1443 tinitatis
578 1383 743 1445 auctorem
778 1383 812 1444 et
843 1402 878 1445 ιιι
869 1381 992 1447 tidiori
1022 1404 1057 1446 ac

98 1467 255 1533 floridiori
290 1486 407 1553 genere
432 1467 597 1533 orationis
629 1489 725 1533 usum
755 1466 908 1533 dicerent.
954 1469 1057 1534 Erant

99 1557 210 1641 etiam,
233 1556 302 1641 qui,
325 1555 410 1640 quod
432 1555 609 1621 maximum
630 1556 665 1619 in
687 1556 755 1620 hist
740 1556 842 1622 torico
866 1557 983 1622 vitium
1002 1562 1057 1643 est,

98 1643 195 1707 fidem
222 1665 349 1729 quoque
373 1643 477 1709 Taciti
500 1645 702 1727 accusarent,
729 1645 816 1728 quod
843 1645 948 1709 multa
970 1667 1056 1710 men·

99 1730 191 1795 dacia
225 1731 370 1797 historiis
406 1731 472 1796 suis
509 1731 739 1796 admiscuisset.
788 1730 902 1816 Neque
939 1737 1057 1818 tamen,

99 1841 295 1904 quamquam
312 1841 407 1904 saepe
431 1841 450 1884 a
467 1841 519 1884 me
538 1820 622 1884 orati
641 1822 679 1884 ut
695 1819 729 1883 id
746 1819 904 1904 facerent,
928 1823 1057 1886 menda·

99 1909 185 1974 cium
211 1909 312 1993 ipsius
339 1907 483 1992 proferre
504 1908 607 1972 ullum
633 1911 798 1992 poterant,
825 1907 965 1974 duorum
987 1914 1057 1975 tan·

98 1999 169 2062 tum
196 1999 341 2061 veterum
373 1996 565 2080 scriptorum
591 1996 777 2061 testimonio
806 1995 839 2059 id
870 1999 1057 2080 pervincere

98 2085 300 2168 nitebantur,
323 2105 460 2168 quorum
473 2080 672 2170 Vopiscus*)
691 2084 865 2167 aliquando
884 2087 1058 2151 mentitum

98 2173 279 2238 inhiatoria
288 2172 437 2236 Taciturn
451 2172 578 2257 diceret,
592 2172 809 2236 Tertullianus
815 2170 866 2256 **)
882 2193 956 2237 eum
971 2196 1057 2239 men-

99 2259 265 2325 daciorum
290 2259 553 2343 loquacissimum
579 2261 717 2325 vocaret.
758 2257 934 2324 Addebant
961 2264 1056 2327 tertio

98 2346 185 2429 loco,
219 2347 355 2431 impium
387 2369 425 2412 ac
460 2347 621 2412 nefarium
656 2369 725 2411 esse
762 2348 968 2451 scriptorem,
1005 2351 1059 2434 qui

99 2396 303 2498 Christianae
334 2434 484 2518 religioni
515 2438 624 2518 aperte
655 2434 803 2500 infensus
839 2440 872 2500 et
907 2437 1059 2503 inimicus

98 2520 222 2586 fuisset.
257 2519 419 2622 Asperum
445 2523 612 2605 praeterea
639 2522 707 2584 et'
696 2544 865 2588 insuavem
888 2544 926 2588 ac
950 2527 1059 2610 spino·

100 2630 171 2674 sum
194 2611 323 2675 etcum
345 2608 435 2672 cuius
462 2608 652 2673 difficultate
676 2610 717 2674 ad
744 2611 902 2676 eruendas
930 2618 1060 2679 senten·

98 2697 162 2763 tias
197 2701 353 2784 perpetuo
393 2698 583 2764 luctandum
622 2697 716 2764 foret.
764 2697 932 2765 Postremo
976 2704 1060 2769 male

100 2785 172 2854 Lat'
148 2789 216 2853 ture
247 2788 404 2854 locutum:
440 2787 537 2874 idque
567 2809 635 2853 non
666 2787 783 2871 vulgus
815 2787 911 2852 modo
945 2789 1061 2875 dicere,

100 2878 197 2943 scd'
187 2897 276 2963 1psos
308 2879 405 2944 etiam
436 2878 626 2964 praecipuos
657 2874 762 2939 Taciti
793 2878 955 2940 amatores
986 2899 1061 2944 con-

100 2965 194 3030 fiteri.
199 2902 329 3032 pOuius
356 2967 458 3049 igitur
483 2965 557 3029 libri
585 2967 619 3028 et
641 2963 956 3048 corruptissimorum
980 2969 1062 3031 tem·

99 3073 217 3131 porum
229 3053 412 3134 historiam,
431 3070 565 3132 eamque
583 3050 688 3133 ipsam
701 3072 806 3136 neque
824 3052 903 3114 satis
921 3051 1064 3120 fideliter

101 3137 255 3216 scriptam
278 3141 312 3201 et
333 3101 447 3202 melius
471 3136 511 3198 ab
532 3136 595 3201 alio
613 3138 767 3204 traditam
785 3140 1006 3227 continerent,
1031 3146 1064 3208 et

100 3222 241 3285 auctoris
264 3224 331 3288 suis
353 3221 559 3286 manifestam
586 3224 833 3311 impietatemp
834 3193 1006 3315 roderent,
1032 3234 1066 3296 et

100 3308 237 3373 molesto
257 3311 354 3392 atque
373 3308 484 3374 odioso
503 3314 636 3395 propter
650 3313 793 3378 obscurit
778 3317 879 3379 tatem
893 3319 927 3379 et
944 3339 1066 3401 parum

155 3495 334 3570 *)Aurelian
352 3514 375 3552 c.
395 3504 419 3553 2.
491 3501 534 3570 **)
552 3501 634 3572 Apol.
653 3502 716 3559 adv.
736 3506 810 3575 gent.
830 3521 853 3559 c.
875 3511 916 3560 16.
