2332 3824
97 173 167 239 212
440 172 648 230 remunero
667 174 715 229 Ν.

99 320 180 385 alias
214 318 369 404 quasdam
399 317 533 383 virtutes
568 317 686 382 referre
722 319 831 383 malit:
868 324 910 384 ut
942 322 974 386 ei
1006 344 1058 386 nos

98 407 179 472 illud
211 406 372 490 dabimus,
406 427 574 491 nunquam
603 405 782 490 hominem,
818 411 1003 492 quamlibet
1029 411 1058 474 in

100 496 234 560 dicendo
262 494 427 578 copiosum
455 497 550 579 atque
578 497 740 577 ornatum,
766 495 850 560 haec
876 500 951 562 tam
978 519 1058 582 prae-

100 585 187 648 clara
209 583 395 647 effecturum
417 581 516 647 fuisse
540 581 608 646 sine
631 580 702 647 aliis
725 583 876 665 plurimis
900 587 1057 651 maximis-

101 693 162 756 que
180 671 366 735 virtutibus:
385 670 432 733 ita
448 670 531 752 ipse,
548 669 612 734 nisi
631 669 723 733 valde
742 670 875 755 iniquus
896 674 957 758 sit,
975 674 1058 740 nobis

99 759 160 824 hoc
183 757 336 823 concedat
357 779 487 822 necesse
511 761 573 841 est,
595 779 761 843 nunquam
787 758 872 824 haec
900 766 974 828 tam
999 763 1058 828 feli·

100 847 179 910 citer
205 867 225 909 a
252 867 416 930 quoquam
442 845 538 930 dirigi
565 845 800 930 gubernarique
823 851 991 935 potuisse,
1016 851 1059 916 oui

100 933 214 999 ceteris
250 934 408 999 instructo
445 934 545 997 animi
580 933 674 998 bonis
711 934 853 1017 graviter
887 943 1058 1026 ornateque

101 1022 227 1087 dicendi
250 1023 385 1087 facultas
409 1021 570 1086 defuisset.

167 1109 262 1175 Hanc
288 1131 349 1195 ego
376 1110 418 1174 ad
444 1109 642 1193 facultatem,
669 1108 847 1195 Mocenice,
880 1114 956 1180 vias
984 1139 1058 1182 com·

101 1202 281 1263 monstrare
304 1220 403 1263 conor
428 1198 482 1280 iis,
505 1198 620 1281 quibus
642 1197 678 1261 in
699 1196 760 1261 hac
777 1199 859 1263 urbe
880 1205 974 1268 cordi
993 1207 1060 1270 sunt

100 1284 310 1349 honestarum
336 1285 454 1348 artium
477 1285 592 1349 studia.
636 1283 723 1350 Nam
745 1287 807 1350 etsi
828 1308 900 1354 non
924 1313 1001 1357 sum
1020 1295 1060 1357 ita

101 1371 227 1437 nescius
250 1372 326 1455 mei,
348 1375 386 1436 ut
408 1372 610 1456 eloquentem
633 1394 702 1438 esse
719 1395 771 1437 me
794 1378 923 1461 putem,
948 1384 1059 1463 tamen,

103 1460 189 1544 quod
216 1482 236 1524 a
261 1460 367 1544 prima
394 1463 499 1525 aetate
526 1461 599 1525 dedi
625 1482 675 1524 me
704 1461 846 1527 studiose
876 1466 920 1530 ad
950 1471 1059 1533 exerci-

102 1548 259 1613 tationem
291 1549 417 1613 dicendi
448 1552 482 1613 et
511 1570 631 1633 magna
657 1570 731 1612 cum
757 1570 833 1614 cura
861 1557 1060 1636 pervolutavi

103 1656 213 1700 eorum
246 1637 378 1720 scripta,
416 1637 482 1720 qui·
502 1640 559 1700 aut
594 1636 704 1701 diserti
739 1637 839 1702 fuisse
877 1642 1060 1709 ferebantur

104 1726 220 1788 autea
242 1727 413 1808 praecepta
438 1724 530 1788 libris
559 1724 624 1788 suia
647 1726 805 1807 complexi
832 1748 919 1814 esse,
950 1734 1060 1818 quibus

104 1812 258 1877 orationis
286 1813 379 1895 copia
404 1815 583 1895 pararetur:
615 1811 725 1877 videor
755 1834 865 1899 posse,
900 1840 967 1903 quo
998 1822 1062 1904 ipsc

103 1921 171 1964 non
191 1900 404 1984 pervenerim,
427 1900 649 1983 nihilominus,
671 1921 709 1964 eo
729 1922 793 1984 qua
809 1907 1062 1985 perveniendum

105 1988 161 2071 sit,
197 1988 304 2072 aliquo
336 1989 432 2054 modo
468 1988 618 2053 indicare.
663 1985 756 2054 Oerte
789 1990 923 2074 quidem
956 1997 1061 2061 sedulo

104 2079 246 2159 praesto,
265 2077 351 2161 quod
368 2098 513 2160 possum,
531 2080 564 2141 et
582 2076 667 2160 quod
685 2076 766 2140 mihi
779 2081 914 2146 senatus
929 2084 1062 2150 auctori·

104 2167 171 2228 tate
198 2186 315 2229 munus
341 2165 521 2228 iniunctum
547 2168 608 2248 cst,
641 2164 670 2227 ei
700 2167 738 2228 ut
767 2186 808 2229 ne
841 2167 961 2256 desim,
994 2174 1062 2237 viri·

105 2253 165 2316 bus
193 2252 371 2336 opibusque
404 2252 552 2317 omnibus
582 2252 720 2317 elaboro.
765 2251 931 2328 Quoniam
958 2265 1063 2327 autem

104 2339 199 2402 multi
222 2360 318 2422 saepe
345 2341 392 2404 ita
418 2361 544 2404 mecum
571 2343 706 2424 egerunt
731 2341 877 2424 primarii
905 2345 1062 2432 homines,

105 2428 142 2489 ut
173 2425 327 2509 dicerent,
360 2449 393 2491 se
421 2428 553 2510 cupidos
585 2428 714 2512 quidem
745 2449 814 2493 esse
846 2437 1064 2516 cognoscendi

105 2534 155 2595 ea,
179 2534 261 2596 quae
279 2536 299 2577 a
316 2536 367 2578 me
386 2514 578 2598 dicerentur,
597 2515 665 2599 sed,
683 2538 724 2581 ne
743 2516 783 2580 ad
801 2522 944 2587 metam
963 2547 1064 2609 saepe,

106 2622 202 2685 quam
219 2601 351 2685 vellent,
373 2601 580 2687 v'entitarent,
601 2605 742 2688 negotiis
760 2605 924 2692 impediri3
946 2612 976 2677 si
994 2614 1064 2678 sub·

106 2689 203 2756 acciri
224 2690 379 2775 temporis
406 2690 527 2778 aliquid
554 2713 711 2757 sumerem
738 2693 842 2758 adea
868 2696 957 2783 ipsa,
986 2721 1064 2786 quae

106 2780 248 2866 quotidie
278 2782 451 2866 traderem,
486 2782 669 2847 mandanda
700 2781 830 2865 litteris,
867 2790 1004 2868 gratum
1034 2788 1064 2853 id

106 2870 218 2935 multis
245 2872 341 2955 atque
369 2875 516 2955 optatum
543 2871 626 2936 fore:
653 2891 776 2935 morem
802 2869 866 2934 illis
894 2873 961 2940 hac
991 2899 1062 2963 quo

107 2979 167 3040 que
195 2959 230 3021 in
256 2962 348 3040 parte
380 2979 490 3042 gerere
520 2959 620 3040 volui,
652 2962 685 3023 et
715 2958 756 3022 ad
786 2979 876 3024 meos
908 2965 1063 3044 pristinos

105 3042 232 3108 labores
259 3042 321 3109 hoc
353 3065 479 3129 quoque
511 3045 670 3110 scribendi
701 3068 782 3111 onus
814 3046 925 3115 adieci.
975 3052 1064 3129 Quod

105 3129 231 3190 utinam
257 3132 326 3193 tam
351 3132 429 3195 utile
453 3130 495 3194 sit
523 3130 606 3214 aliis,
634 3155 732 3217 quam
754 3157 773 3199 a
799 3156 851 3200 me
879 3138 950 3202 solo
976 3142 1062 3206 obse

106 3213 224 3298 quendi
239 3216 349 3279 amicis
368 3216 523 3281 desiderio
541 3217 610 3282 sine
619 3221 685 3285 ulla
694 3223 869 3288 ambitione
878 3232 1062 3313 susceptum

107 3304 164 3367 est.
197 3299 398 3384 Quamquam
421 3303 506 3368 enim
528 3327 595 3371 non
618 3328 689 3373 eam
707 3331 758 3374 me
777 3312 973 3394 sapientiam
992 3339 1062 3383 con·

107 3394 251 3457 secutum
272 3411 349 3474 prae
370 3411 422 3453 me
444 3391 527 3477 fero,
549 3398 586 3458 ut
608 3396 744 3479 gloriam
767 3421 932 3487 spernam,
954 3407 1062 3471 tamen

107 3501 146 3545 ea
167 3479 286 3571 nostris
308 3478 505 3559 temporibus
528 3483 621 3567 copia
642 3487 693 3550 est
713 3486 764 3550 vel
787 3489 988 3558 eruditorum
1009 3494 1062 3560 ho
