2332 3824
162 196 226 260 110
546 194 682 253 ORATIO
700 195 735 250 X.

161 342 368 428 comparavit.
417 339 466 406 Ac
501 362 626 424 vereor,
664 361 706 405 ne
747 341 820 424 quis
859 339 1028 408 interdum
1062 365 1120 428 me,

161 431 248 515 quod
275 453 293 496 e
320 430 435 495 talium
462 430 655 514 scriptorum
681 428 829 495 fontibus
860 429 1027 516 hauriam,
1059 453 1118 516 quo

161 519 396 604 disputationes
418 539 507 582 meas
529 517 673 603 irrigem,
694 516 1001 602 reprehendendum
1022 523 1118 604 putet.

160 607 255 674 Unde
269 607 382 692 igitur,
399 627 458 690 per
471 605 577 671 Deum
592 606 820 688 immortalem,
837 606 949 690 potius
967 611 1115 692 repetam,

161 695 247 780 quod
277 694 445 760 honestius
478 697 535 759 aut
561 693 676 758 maiori
702 714 776 758 cnm
805 693 916 758 fructu
944 696 998 759 vel
1026 718 1046 760 a
1069 717 1117 760 me

161 783 298 867 dicatur,
320 783 372 847 vel
395 804 416 846 a
436 782 528 846 vobis
552 781 722 847 audiatur?
751 780 807 846 An
828 784 918 847 totos
941 782 1013 848 dies
1035 804 1115 849 nuno

159 871 195 934 in
221 870 355 955 politicis
382 871 515 954 fabulis,
542 890 628 934 nunc
655 870 691 934 in
714 867 896 935 Stoicorum
922 875 982 935 aut
1004 870 1115 957 Epicu·

159 979 289 1023 reorum
328 958 526 1024 stultissimis
562 958 769 1043 opinionibus
804 960 1050 1043 perscrutandis
1083 980 1116 1024 ac

160 1048 416 1134 pervestigandie
457 1049 673 1130 conteremus,
711 1045 809 1130 idque
845 1067 920 1111 cum
956 1047 1115 1131 faciemus,

160 1140 288 1221 tempus
320 1137 402 1201 bene
434 1136 591 1200 collocare
621 1134 821 1219 putabimur:
853 1135 895 1199 ad
930 1155 971 1200 ea
1003 1158 1114 1222 cogno·

162 1225 293 1307 scenda,
316 1245 397 1307 quae
419 1224 570 1309 ignorare
593 1223 663 1288 sine
684 1222 826 1308 pernicie
844 1244 914 1288 non
939 1245 1116 1308 possumus,

161 1312 284 1375 nullam
307 1314 433 1393 partem
454 1312 610 1395 temporis
633 1309 856 1377 conferemus?
886 1309 934 1374 At
957 1312 1053 1397 haec,
1072 1313 1115 1376 in·

162 1399 251 1484 quiet
273 1399 402 1484 aliquis,
423 1398 459 1463 in
469 1399 709 1485 theologorum
736 1399 855 1464 scholis
878 1402 937 1464 aut
960 1400 1115 1466 concioni·

161 1488 222 1553 bus
248 1487 334 1552 tradi
361 1488 479 1553 solent:
512 1509 533 1552 a
558 1491 591 1553 te
618 1488 683 1552 alia
714 1487 873 1570 quaedam
903 1490 1115 1573 requiruntur.

160 1575 279 1641 Fateor
307 1577 454 1660 equidem
481 1577 521 1641 ab
549 1576 595 1641 eis
621 1576 702 1640 haec
729 1575 839 1640 omnia
860 1596 930 1641 non
957 1577 1115 1662 tempesti-

161 1663 232 1729 vius
255 1664 351 1729 modo
379 1687 417 1730 ac
440 1664 696 1747 convenientius,
723 1663 780 1729 sed
806 1663 905 1729 etiam
932 1665 1050 1730 melius
1071 1686 1116 1730 co·

161 1751 346 1837 piosiusque
386 1753 528 1818 tractari.
582 1749 645 1817 Sed
684 1754 794 1816 tamen
833 1751 963 1818 utinam
1002 1753 1116 1818 talibus

162 1842 341 1927 praeceptis
376 1844 411 1906 et
445 1841 567 1925 templa
603 1842 636 1905 et
671 1840 813 1924 scholae,
848 1843 882 1904 et
912 1842 1060 1925 porticus
1089 1844 1118 1906 et

163 1931 412 2013 ambulationes,
430 1933 464 1995 et
479 1929 552 1994 fora
566 1932 599 1993 et
613 1928 753 2013 compita
772 1927 881 1994 omnia
893 1929 1117 2012 personarent!

162 2017 355 2084 Mandatum
377 2021 427 2083 est
448 2017 541 2101 mihi,
568 2020 606 2082 ut
631 2016 723 2082 vobis
749 2017 811 2080 iter
839 2016 881 2080 ad
903 2017 1119 2103 eloquentiam

164 2112 418 2173 commonstrare
451 2127 593 2172 conarer.
638 2103 805 2189 Numquid
835 2104 937 2188 igitur
968 2128 1028 2172 vos
1060 2107 1119 2172 elo·

164 2196 347 2277 quentiores
371 2195 541 2260 effecturus
564 2216 647 2277 sum,
671 2193 699 2258 si
720 2193 783 2258 hoc
802 2194 1120 2279 quantulumcunque

164 2284 226 2363 est,
254 2283 340 2364 quod
362 2282 397 2345 in
420 2282 547 2346 dicendi
568 2282 723 2346 facultate
747 2284 956 2346 consecutum
980 2303 1052 2348 esse
1073 2302 1121 2346 me

163 2369 313 2432 nonnulli
348 2372 479 2453 putant,
514 2369 551 2433 in
586 2370 682 2452 nugis
719 2371 752 2433 et
787 2369 907 2434 fabulis
943 2391 1122 2454 exercuero,

164 2476 261 2539 quam
283 2456 311 2520 si
333 2478 391 2521 vos
414 2457 456 2521 ad
479 2477 593 2541 graves
615 2459 649 2519 et
671 2456 771 2520 serias
788 2478 840 2522 res
862 2457 958 2522 bonis
976 2462 1013 2523 et
1033 2459 1122 2524 lectis

163 2543 268 2608 verbis
307 2543 525 2628 explicandas,
561 2545 720 2626 quantum
758 2545 842 2610 vires
882 2566 974 2610 meae
1010 2547 1123 2629 ferent,

164 2631 309 2716 exemplo
337 2653 409 2696 meo
437 2634 470 2695 et
496 2631 632 2696 incitare
660 2635 693 2697 et
720 2633 920 2699 assuefacere
948 2633 1123 2700 studuero?

163 2719 246 2786 Mihi
278 2743 353 2787 vero
386 2723 510 2786 certum
541 2743 579 2787 ao
610 2722 823 2787 constitutum
859 2724 921 2807 est,
958 2742 997 2786 ea
1033 2722 1124 2789 vobis

164 2814 320 2894 perpetuo
342 2812 483 2897 tradere,
512 2812 628 2898 quibus
651 2833 709 2877 voa
731 2832 799 2876 non
822 2809 1006 2875 disertiores
1030 2811 1125 2877 modo

166 2902 199 2964 et
225 2900 261 2965 in
287 2902 448 2986 loquendo
477 2902 670 2987 argutiores,
701 2900 758 2966 sed
785 2899 883 2964 etiam
910 2898 1063 2965 meliores
1090 2919 1127 2964 ac

166 2991 378 3072 sapientiores
405 2990 566 3054 redditum
593 2989 633 3052 iri
662 2988 853 3053 arbitrabor.
894 2985 1128 3071 Eloquentiam

166 3075 1130 3248 {he’diilludunt{thzllhlhffiadludit

166 3244 221 3327 qui
249 3247 331 3311 nihil
360 3251 489 3330 praeter
516 3249 688 3315 verborum
718 3251 869 3318 flosculos
896 3255 929 3316 et
959 3252 1130 3336 pigmenta

166 3332 317 3418 tradunt,
342 3335 509 3399 minimam
531 3339 658 3420 partem
685 3340 886 3424 eloquentiae
912 3339 1059 3405 tradunt.
1097 3338 1132 3407 Si

221 3527 246 3598 *)
266 3526 345 3582 Orat.
364 3525 462 3597 partit.
483 3532 524 3581 23.
546 3533 578 3583 79
597 3531 627 3582 et
645 3535 687 3584 81.
