2332 3824
166 124 188 188 4
560 119 696 177 ORATIO
713 121 735 176 I.

167 268 344 353 coepimus,
376 267 415 332 dc
442 267 513 349 ipso
546 286 647 349 prope
674 265 836 329 nutricum
863 267 1019 348 acceptos
1049 271 1137 356 sinu,

168 358 353 423 titillatione
367 354 506 439 quadam
519 352 765 417 honestissimae
777 352 953 435 voluptatis
968 354 1136 443 alliciunt,

168 448 300 511 allectos
323 441 502 528 praeceptis
526 440 743 505 saluberrimis
761 440 937 523 complent,
960 461 1035 506 non
1059 448 1135 510 tan·

45 588 52 605 2
167 539 238 599 tum
260 534 342 596 benc
366 529 505 613 dicendi,
527 551 639 593 verum
662 528 759 592 etiam
781 528 864 592 bene
886 527 1019 592 vivendi
1045 553 1134 598 oom-

168 620 354 686 monstrant
370 618 451 700 vias3
475 617 618 681 excitant
636 616 673 679 in
691 616 806 680 animis
824 615 945 680 nostris
963 616 1133 700 igniculos

170 707 306 793 gloriae,
329 707 469 788 quantus
493 705 592 768 sitin
613 704 733 768 virtute
756 704 920 787 splendor,
943 710 1074 786 quauta
1096 710 1133 774 in

168 795 256 859 vitiis
287 793 487 876 deformitas,
522 792 671 857 edocent:
708 812 789 876 quae
821 792 876 875 qui
908 793 1007 855 semel
1046 795 1132 861 bene

169 884 299 967 penitus
321 881 519 965 imbiberint,
541 881 565 946 ii
586 901 754 964 nunquam
775 901 843 944 non
865 881 980 963 postea
1003 884 1038 944 et
1057 884 1130 949 vitii

169 970 402 1056 turpitudinem
421 971 510 1036 omni
528 969 634 1034 studio
652 968 828 1053 refugient,
851 970 884 1031 et
904 965 1003 1030 officii
1025 968 1130 1037 hone

170 1061 326 1144 statisque
348 1057 508 1124 rationem
530 1056 626 1121 rebus
649 1056 720 1119 aliis
744 1055 892 1120 omnibus
915 1057 1130 1138 anteponent

169 1147 217 1214 Ut
244 1152 352 1212 autem
377 1146 414 1209 in
441 1146 582 1208 semente
614 1143 721 1226 posita
748 1164 820 1227 spes
848 1142 960 1206 messis
988 1148 1053 1228 est,
1081 1147 1130 1212 ita

169 1236 272 1299 totius
289 1233 431 1315 reliquae
445 1232 529 1295 vitae
547 1230 741 1314 exspectatio
757 1231 797 1295 ab
813 1230 1001 1295 educatione
1020 1236 1128 1315 pueri·

170 1322 235 1385 tiae
258 1321 386 1405 pendet.
421 1318 469 1384 Ut
485 1340 561 1383 vero
579 1318 740 1382 infirmam
761 1319 851 1382 illam
872 1318 1015 1383 ineuntis
1040 1325 1129 1386 aeta·

170 1410 258 1474 tulae
280 1408 486 1473 teneritatem
507 1406 606 1471 robur
624 1406 858 1471 adolescentiae
880 1407 1019 1490 excepit,
1044 1431 1128 1492 quae

170 1497 303 1561 tandem
330 1497 394 1560 alia
419 1516 470 1559 res
499 1497 556 1559 aut
582 1494 725 1558 animum
753 1495 990 1578 praeclararum
1017 1516 1128 1562 rerum

172 1584 278 1648 studio
307 1583 492 1666 accendere,
524 1585 581 1646 aut
612 1582 817 1646 efferentibus
845 1603 914 1646 sese
941 1583 1126 1665 cupiditati·

171 1671 246 1754 bus,
269 1671 384 1754 quibus
407 1692 445 1734 ea
467 1692 542 1753 pars
565 1670 737 1754 insigniter
757 1670 875 1754 agitari
897 1670 992 1753 solet,
1014 1671 1127 1739 frenos

171 1760 315 1843 iniicere,
352 1761 479 1843 praeter
509 1758 690 1822 litterarum
721 1759 961 1841 tractationem,
994 1761 1127 1841 potest?

174 1848 423 1914 Themistoclem
441 1846 530 1929 olim,
549 1866 622 1910 cum
640 1867 790 1910 somnum
808 1866 920 1928 capere
939 1845 1128 1914 adolescens

172 1959 240 2003 non
257 1940 380 2023 posset,
397 1935 501 2005 dicere
520 1935 650 2000 solitum
667 1935 813 2018 tradunt,
836 1954 870 1998 se
887 1931 1043 1999 Miltiadis
1061 1940 1128 2003 tro·

172 2048 253 2110 paco
272 2027 433 2110 quiescere
449 2025 611 2098 ‚volentem
629 2023 768 2088 excitari.
800 2020 929 2097 Quanto
948 2042 1002 2085 eos
1022 2024 1129 2090 acrius

172 2114 301 2177 incendi
328 2117 424 2196 atque
446 2112 639 2177 inflammari
659 2133 790 2177 necesse
817 2113 879 2194 est,
906 2109 961 2193 qui
984 2113 1129 2193 quotidie

173 2219 242 2262 non
272 2200 382 2281 unius,
414 2201 470 2263 sed
498 2200 781 2264 innumerabilium
811 2198 980 2262 hominum
1006 2198 1129 2266 virtute

174 2285 409 2368 praestantium
443 2287 578 2368 tropaea
612 2307 681 2349 non
711 2306 729 2349 e
761 2306 919 2349 marmore
950 2286 1129 2354 constituta

175 2373 223 2436 ad·
239 2372 346 2457 exigui
369 2372 641 2456 praedicationem
662 2372 830 2455 temporis,
857 2371 912 2436 sed
935 2372 976 2436 ad
999 2395 1129 2441 omnem

175 2460 400 2525 aeternitatem
422 2460 646 2524 commendata
666 2459 784 2523 litteris
806 2459 994 2525 intuentur?

263 2546 376 2631 Neque
398 2569 475 2612 vero
493 2547 782 2630 pertimescendum
800 2550 861 2632 est,
883 2569 925 2613 ne
943 2551 1001 2613 aut
1017 2549 1130 2616 labora

175 2636 383 2720 frangantur,
411 2637 468 2699 aut
494 2635 670 2719 voluptatis
697 2635 885 2701 irretiantur
910 2636 1068 2701 illecebris
1095 2638 1129 2723 ii,

176 2723 232 2807 qui
259 2723 374 2787 aetatis
397 2743 474 2786 suae
500 2723 612 2787 florem
633 2722 813 2788 litterarum
840 2724 953 2789 studiis
981 2724 1129 2789 dedican-

177 2812 253 2875 dum
277 2832 345 2875 esse
368 2813 564 2893 statuerunt,
585 2814 679 2875 tanta
697 2811 724 2875 si
743 2812 870 2895 quidem
888 2814 939 2876 est
956 2811 1128 2879 oblectatio

176 2899 346 2982 paullatim
359 2897 554 2998 acquirenda
566 2899 751 2983 cognitione
764 2921 872 2964 rerum
885 2920 954 2964 sese
967 2903 1129 2982 pascentis

176 2985 1130 3159 tarantasiamclamella&

178 3164 370 3227 sentiantur.
409 3161 524 3245 Itaque
551 3159 712 3243 sapienter
743 3167 871 3246 po‘e'tae,
903 3183 975 3226 cum
1007 3169 1130 3228 ceteros

179 3272 290 3316 omnes
304 3251 391 3317 Deos
405 3248 541 3316 Veneris
559 3247 693 3330 imperio
713 3249 942 3332 subdidissent,
959 3250 995 3313 in
1013 3250 1130 3315 Miner-

178 3359 254 3403 vam
270 3339 367 3405 modo
386 3338 472 3403 etin
489 3337 667 3402 studiorum
685 3338 846 3419 praesides
864 3335 975 3401 Musas
993 3338 1075 3401 nihil
1094 3341 1132 3422 ei,

179 3425 264 3491 nihil
277 3425 428 3512 Cupidini
442 3426 523 3492 iuris
541 3445 610 3492 esse
622 3424 803 3492 voluerunt.
834 3423 917 3486 Ouio
937 3423 1035 3486 etiam
1052 3426 1132 3492 illud
