2332 3824
146 177 194 241 50
530 175 665 232 ORATIO
684 176 718 231 V.

146 321 438 404 conquiescendum
459 324 622 406 putarem,
649 321 770 386 nedum
792 342 842 404 ea,
870 322 958 407 quia,
984 326 1024 387 ut
1050 323 1107 389 isti

145 410 272 493 volunt,
295 431 315 474 a
335 409 479 494 quolibet
498 430 566 474 non
583 408 766 473 tardissimo
784 430 888 492 neque
907 409 1107 476 inertissimo

145 498 267 582 percipi
301 499 450 581 posenni,
487 496 665 561 omittenda
697 500 754 560 aut
788 496 923 562 minoris
954 498 1107 563 facienda

147 607 304 650 censeam.
335 583 390 650 An
409 584 448 648 de
468 584 564 649 rebus
584 585 744 649 advitam
763 585 846 648 nihil
866 585 1107 669 pertinentibus

146 674 231 738 inter
252 673 400 738 homines
420 672 651 737 eruditissimos
670 694 795 737 summa
813 674 1023 739 contentione
1042 675 1105 739 dis·

146 761 326 846 putabitur,
356 760 393 824 in
420 762 541 844 eisque,
572 761 647 844 quia
675 761 839 826 involutae
867 764 900 824 et
927 784 1030 846 prope
1056 763 1106 826 in-

147 848 331 913 enodabiles
351 851 441 932 sunt,
464 869 562 933 opera
584 849 747 932 praeclare
766 849 917 913 collocari
930 849 1105 916 videbitur:

146 936 241 1020 haec,
265 958 346 1020 quae
366 937 467 1002 vitam
485 958 613 1002 omnem
634 937 815 1021 continent,
837 939 875 1000 ut
891 937 988 1002 nimis
1008 938 1106 1004 obvia

149 1026 181 1088 et
202 1024 238 1088 in
259 1025 364 1090 medio
387 1025 494 1110 posita
515 1024 744 1109 negligentur?

213 1111 405 1197 Quanquam
432 1112 508 1197 quid
540 1113 660 1176 diutius
689 1113 737 1176 ita
767 1112 981 1196 disputamus,
1011 1115 1107 1199 quasi

147 1200 192 1265 eis
211 1201 437 1284 concedamus,
456 1199 542 1283 quod
559 1200 687 1283 volunt,
704 1199 787 1264 nibil
806 1201 859 1265 hic
878 1200 998 1284 doceri,
1018 1203 1106 1286 quod

147 1309 216 1353 non
246 1291 303 1352 aut
334 1288 432 1351 etiam
460 1287 559 1372 vulgo
590 1289 705 1352 notum
737 1288 780 1352 sit
811 1291 868 1352 aut
897 1289 1000 1372 quivis
1034 1289 1106 1355 sine

149 1375 289 1440 doctoris
319 1396 417 1458 opera
447 1375 542 1439 facile
572 1375 725 1459 consequi
753 1375 877 1459 possit?
929 1374 1019 1462 Ergo
1049 1378 1107 1444 ille

148 1463 306 1546 omnium,
334 1463 389 1546 qui
416 1465 495 1527 tunc
522 1467 627 1548 erant,
656 1464 853 1548 mortalium,
882 1467 920 1528 ut
946 1465 1108 1531 creditum

149 1555 211 1634 est,
234 1551 489 1636 sapientissimus
504 1549 665 1634 Socrates,
689 1551 743 1635 qui
765 1552 856 1616 nulla
873 1573 1018 1636 unquam
1040 1555 1108 1618 alia

148 1638 187 1702 de
204 1661 252 1722 re,
271 1661 368 1723 quam
386 1639 425 1703 de
443 1639 615 1704 virtutibus
635 1641 667 1703 et
680 1639 767 1704 vitiis
786 1639 975 1724 disputavit,
990 1641 1107 1727 uulga-

147 1726 236 1791 ribus
255 1730 288 1791 et
308 1727 386 1791 satis
408 1748 466 1811 per
489 1727 628 1792 sanctis
650 1727 686 1790 in
707 1727 803 1792 rebus
826 1728 967 1812 spatium
987 1730 1108 1796 aetatis

148 1836 243 1880 omne
271 1814 492 1899 consumpsit?
539 1814 622 1891 Quid
648 1814 765 1880 Plato?
797 1815 873 1898 quid
895 1815 1108 1900 Xenophon?

148 1904 224 1986 quid
246 1902 461 1969 Aristoteles?
493 1903 570 1986 quid
597 1902 695 1968 ceteri
723 1924 799 1968 suae
822 1903 956 2002 quisquc
986 1907 1108 1971 aetatis

24 2048 45 2064 ,
147 1992 307 2076 principes
327 1991 409 2057 viri?
433 1991 510 2075 quid
529 1993 599 2055 erat
616 2012 762 2073 caussae,
785 2013 842 2055 cur
861 1994 929 2055 tam
947 1992 1053 2057 multa
1070 1995 1108 2059 in

105 2116 107 2120 ν
146 2080 210 2146 hoc
232 2101 349 2165 genere
370 2081 490 2164 scripta
512 2079 696 2164 posteritati
717 2079 948 2163 relinquerent,
971 2079 998 2144 si
1020 2080 1109 2147 nihil

149 2169 328 2253 egregium,
350 2168 432 2232 nihil
455 2167 662 2251 exquisitum,
687 2167 770 2231 nihil
792 2168 962 2252 excellens,
985 2169 1044 2232 sed
1069 2191 1109 2234 ea

147 2258 290 2337 tantum,
308 2277 390 2338 quae
407 2256 542 2338 quilibet
564 2277 582 2319 e
604 2256 724 2340 populo
748 2255 826 2320 satis
848 2276 907 2338 per
929 2277 963 2320 se
985 2255 1108 2322 intelli·

149 2345 253 2427 geret,
276 2342 393 2407 litteris
415 2342 600 2407 mandaturi
622 2342 736 2407 erant?
763 2342 934 2427 Videlicet,
958 2343 1035 2428 quia
1058 2346 1108 2411 iu-

148 2429 283 2512 stitiam,
311 2429 421 2515 fidem,
449 2431 710 2514 temperantiam,
737 2430 964 2495 liberalitatem
991 2452 1109 2499 omnes

148 2517 274 2581 assidue
296 2517 332 2582 in
355 2539 409 2582 ore
431 2517 567 2601 habent,
589 2538 693 2601 neque
716 2518 886 2602 quisquam
908 2521 970 2601 est,
999 2541 1043 2584 ne
1069 2543 1110 2587 ex

147 2606 213 2669 ima
231 2605 360 2688 quidem
380 2605 470 2669 faece
488 2605 591 2690 vulgi,
614 2605 693 2688 quin
713 2606 805 2670 sede
828 2606 985 2671 eiusmodi
1006 2608 1109 2676 rebus

149 2693 268 2776 optime
286 2693 427 2757 iudicare
446 2714 542 2778 posse
560 2693 713 2778 confidat,
735 2694 854 2759 idcirco
872 2695 995 2758 nullam
1013 2717 1110 2784 mag·

147 2803 224 2845 nam
257 2781 469 2846 eruditionem
499 2782 535 2845 in
565 2781 610 2846 eis
642 2782 874 2867 cognoscendis
906 2782 1002 2846 sitam
1035 2805 1110 2851 1111

148 2870 354 2934 arbitrantur.
391 2869 483 2946 Quod
505 2873 616 2934 tamen
637 2870 735 2954 longe
758 2891 849 2934 secus
872 2873 934 2953 111,
955 2870 1111 2938 interest·

148 2979 209 3041 que
232 2959 367 3024 nimium
386 2962 545 3042 quantum
566 2960 739 3041 intereos,
763 2958 818 3041 qui
839 2960 968 3021 tantum
990 2959 1112 3026 tenent

147 3048 292 3130 nomina,
321 3049 353 3110 11
375 3068 444 3129 101,
471 3046 588 3131 quiex
613 3045 810 3110 eruditorum
837 3045 1006 3110 hominum
1030 3051 1111 3114 scri-

146 3133 213 3215 ptis
245 3155 282 3197 ac
314 3134 516 3198 sermonibus
549 3133 587 3196 de
619 3133 714 3196 rebus
745 3134 825 3217 ipsis
857 3155 931 3197 vere
962 3134 1111 3203 iudicare

148 3220 335 3286 didicerunt.
380 3221 482 3284 Plena
508 3222 558 3284 111
585 3221 803 3304 exemplorum
825 3221 893 3285 vita
916 3225 1112 3310 communis,

148 3329 187 3371 ex
210 3309 325 3390 quibus
352 3309 448 3373 facilc
471 3307 610 3392 intelligi
631 3308 721 3391 licet,
749 3331 845 3394 quam
869 3331 964 3393 saepe
987 3311 1112 3396 vulgus

147 3396 316 3460 hominum
337 3397 373 3460 in
394 3395 574 3460 iudicandis
596 3396 768 3463 virtutibus
791 3397 941 3481 vitiisque
962 3396 1112 3467 fallatur.

147 3483 242 3560 Quod
271 3485 306 3549 ni
334 3485 382 3540 ita
411 3485 474 3567 est,
506 3484 583 3552 cedo
614 3506 773 3569 caussam,
805 3507 874 3570 cur,
907 3485 962 3568 qui
988 3487 1113 3576 mimis,
