2332 3824
99 154 140 219 76
460 150 596 208 ORATIO
614 150 687 206 VIII.

97 298 131 364 id
154 299 195 365 ab
218 321 271 384 eo,
298 298 353 382 qui
376 297 466 381 dicit,
495 294 649 361 omissum
670 293 774 379 videt,
802 317 881 362 non
903 297 975 364 hoe
997 321 1067 384 quo·

99 410 160 472 que
183 388 246 452 diei
268 386 424 471 potuisse,
447 384 503 449 sed
524 383 588 448 hoo
605 382 814 467 potissimum
836 384 906 449 diei
920 386 1066 452 debuisse

100 476 283 543 contendat.
323 474 375 539 Ita
407 473 483 537 dum
514 493 573 557 pro
602 491 660 536 suo
688 471 827 555 quisque
858 477 967 558 oaptu
996 475 1066 560 quid

98 565 167 649 ipse
200 565 341 627 dicturus
373 560 472 625 fuerit
503 560 625 645 cogitat
655 561 688 623 et
720 559 786 623 alia
816 581 928 646 prope
961 564 1066 628 omnia

98 651 280 732 fastidiens,
308 649 384 712 dum
410 648 444 712 id
466 669 568 712 unum
596 647 733 730 dicatur,
760 647 860 712 avide
890 655 1066 736 exspectat,

100 737 254 822 quidquid
277 736 406 819 dixeris,
433 757 559 820 semper
585 735 742 801 videberis
766 736 922 802 omisisse
945 739 1063 824 praeei-

98 848 164 910 pua
190 828 223 889 et
246 824 354 891 omnia
381 824 565 889 eommunia
587 845 625 889 ae
647 823 788 888 oontrIta
812 823 953 910 dixisse,
983 827 1064 912 quod

100 934 138 978 ea
151 935 219 978 non
233 912 366 997 dixeris,
388 934 470 996 quae
484 912 512 976 si
526 911 672 996 dixisses,
685 913 757 994 ipsa
770 932 905 995 quoque
921 914 998 980 aliis
1013 916 1062 982 ot

100 1003 203 1067 soleta
234 1005 267 1066 et
297 1002 445 1086 vulgaria
475 999 668 1065 viderentur.
712 997 760 1064 Ut
785 1000 907 1066 melior
941 1003 1007 1068 hae
1032 1004 1063 1068 in

99 1095 191 1176 parte
215 1091 258 1155 sit
280 1112 391 1155 eorum
414 1088 569 1171 conditio,
592 1088 647 1171 qui
665 1087 762 1152 aridis
782 1108 821 1151 ao
840 1090 1014 1157 sterilibus
1031 1092 1062 1155 in

101 1179 300 1263 argumentis
313 1179 494 1241 versantur:
509 1197 660 1260 quorum,
674 1175 739 1240 sivo
754 1175 985 1264 abundarunt,
999 1181 1061 1244 Iau-

100 1267 195 1329 datur
217 1264 397 1347 ingenium,
420 1265 486 1327 sive
509 1264 707 1346 defecerunt,
729 1263 885 1330 materiae
909 1267 1062 1333 ieiunitas

101 1354 281 1417 accusatur:
304 1373 377 1416 oum
395 1354 521 1435 contra,
543 1351 600 1416 ubi
618 1352 726 1436 ampla
743 1350 873 1416 dioendi
892 1375 991 1441 seges
1008 1359 1062 1440 est,

101 1441 255 1526 quidquid
278 1441 413 1505 allatum
426 1442 489 1524 est,
511 1440 651 1505 ubertati
674 1438 827 1503 materiae
847 1441 1061 1527 adscribatur,

101 1529 256 1613 quidquid
289 1531 442 1596 omissum
474 1531 536 1612 est,
566 1527 635 1591 tibi.
681 1527 753 1612 Ego
785 1548 863 1592 vero
898 1531 1061 1614 quomedo

102 1620 158 1680 aut
181 1616 356 1699 quidquam
378 1619 550 1681 allaturum
573 1636 642 1679 esse
660 1638 712 1681 me
735 1635 875 1699 sperem,
899 1620 992 1701 quod
1007 1641 1062 1685 no

101 1705 201 1769 vitate
225 1704 423 1770 audientium
446 1705 572 1769 animos
593 1706 718 1786 teneat,
745 1724 817 1768 eum
839 1703 882 1768 iis
904 1706 943 1770 in
967 1709 1062 1773 rebus

101 1815 174 1859 mea
195 1797 361 1859 versatura
384 1795 426 1858 sit
449 1792 565 1875 oratio,
587 1791 622 1855 in
645 1793 761 1875 quibus
779 1795 1064 1875 praestantissima

103 1905 137 1948 se
165 1883 310 1953 omniurn
341 1884 484 1947 aetatum
511 1880 643 1965 ingenia
672 1883 898 1964 exercuerunt,
931 1887 992 1948 aut
1019 1886 1064 1949 ia

103 1971 276 2056 dicturum,
297 1973 416 2036 utnon
433 1968 681 2034 innumerabiles
701 1967 756 2032 alii
772 1966 887 2031 iisdem
908 1969 949 2035 de
965 1973 1065 2037 rebus

103 2062 248 2126 ornatius
262 2081 300 2124 ao
314 2059 474 2143 eopiosius
488 2056 648 2122 deerint?
676 2055 739 2121 Sed
752 2055 832 2120 mihi
845 2076 956 2139 neque
969 2060 1064 2125 valde

102 2148 315 2213 laborandum
338 2151 400 2231 est,
426 2149 463 2210 ut
484 2168 570 2211 nova
592 2145 792 2228 conquiram,
815 2178 857 2190 -
881 2165 954 2210 non
977 2150 1066 2213 enim

104 2236 283 2298 cantilenae
306 2238 383 2297 sunt
403 2235 479 2316 hae,
502 2234 618 2315 quibus
635 2234 777 2316 novitas,
799 2235 836 2296 ut
853 2231 900 2296 ait
914 2232 1065 2301 Telema-

105 2318 235 2404 chus*),
258 2320 409 2383 conciliat
424 2320 576 2403 gratiam,
598 2320 654 2384 sed
667 2323 851 2404 praecepta,
875 2321 998 2403 quibus
1013 2347 1065 2390 ve·

103 2409 207 2471 tustas
236 2407 325 2507 addit
357 2406 595 2506 auctoritatem,
622 2440 673 2506 -,
697 2409 743 2490 et,
775 2409 803 2473 si
834 2428 925 2507 vera,
958 2413 1067 2497 utilis,

103 2492 1066 2669 tttattttstft&tetttttttttttttttt

105 2691 143 2733 ea
165 2690 290 2754 cunque
307 2667 413 2734 verbis
432 2669 589 2754 extulero,
610 2670 673 2735 hoo
689 2670 761 2754 ipso
779 2693 830 2736 me
849 2669 928 2735 satis
945 2681 1066 2743 ornate

105 2756 220 2825 dixisse
242 2758 431 2824 arbitrabor.

171 2845 270 2933 Agite
304 2849 418 2934 igitur,
458 2848 519 2915 viri
554 2851 770 2934 praestantes,
806 2851 840 2913 et
877 2868 951 2912 oum
990 2854 1068 2920 aliis

104 2937 304 3022 nominibus,
325 2942 396 3004 tum
418 2937 587 3021 praecipue
601 2937 730 3019 harum,
753 2937 792 2999 de
815 2935 930 3019 quibus
956 2937 1068 3008 dicere

104 3022 281 3106 ingredior,
318 3027 435 3090 artium
472 3026 560 3089 cultu
592 3027 625 3087 et
655 3024 849 3088 tractatione
882 3024 1069 3116 clarissimi,

106 3107 206 3190 agite,
233 3110 369 3188 studiosi
396 3112 629 3193 adolescentes,
656 3131 793 3193 quorum
819 3112 925 3177 mollis
954 3115 1069 3184 adhue

106 3196 138 3257 et
168 3195 281 3257 tenera
312 3198 401 3259 aetas
433 3197 469 3260 in
501 3198 642 3262 eiusdem
675 3199 797 3283 gloriae
829 3221 919 3283 spem
946 3204 1068 3272 eodem

106 3281 198 3367 quasi
223 3281 307 3345 laote
334 3280 500 3348 Musarum
528 3285 695 3370 educatur,
722 3287 906 3372 cognoscite
934 3310 1067 3361 meeum

162 3477 187 3545 ⁸¹³)
207 3473 303 3545 Odyss.
323 3472 344 3528 I.
363 3476 429 3541 351,
448 3490 489 3543 sq.
