2332 3824
105 183 168 249 122
488 183 624 241 ORATIO
642 184 705 240 XIL

102 329 211 396 liberis
237 332 347 415 patres
374 329 460 395 ultro
488 329 644 395 adiuvant
673 351 932 415 praeproperam
960 336 995 398 et
1021 335 1067 398 in-

103 418 286 485 consultam
311 417 452 483 filiorum
479 417 688 502 cupiditatem
710 418 803 502 quasi
830 424 1000 507 verentes,
1027 445 1067 487 ne

103 506 233 591 quando
260 506 395 591 penuria
422 506 466 570 sit
491 506 527 570 in
553 505 683 570 civitate
709 506 896 593 hominum,
926 511 984 594 qui
1012 515 1067 574 aut

102 596 176 660 lites
203 596 260 660 aut
285 594 416 658 morbos
443 597 554 658 serant
579 597 614 658 et
644 596 701 660 aut
728 598 880 680 aegrotos
914 599 1065 663 remediis

103 687 161 748 aut
190 681 338 747 formulis
370 703 407 746 ac
438 682 643 748 cantionibus
673 682 872 766 patrimonia
905 684 1065 772 iugulent.

103 769 342 854 Oppugnantur
367 770 492 835 interea
517 771 644 836 litterae
672 792 691 834 a
713 790 782 836 non
808 771 907 837 unius
936 776 1065 860 generis

102 857 262 923 hostibus:
285 879 424 942 quorum
445 858 501 923 alii
519 861 631 944 aperto
649 857 754 923 Marte
773 881 828 924 eas
850 861 1065 948 insectantur,

102 946 157 1011 alii
180 945 351 1032 cuniculis,
373 969 447 1012 cum
470 947 556 1012 aliud
579 968 675 1032 agere
697 967 732 1011 se
755 947 924 1033 simulent,
953 972 1064 1017 earum

101 1034 334 1100 extinctionem
374 1056 412 1100 ac
454 1035 717 1120 disperditionem
757 1035 950 1102 moliuntur.
1002 1038 1063 1105 Sed

103 1123 252 1188 omittam
272 1123 366 1208 haec,
393 1145 475 1208 quae
498 1124 618 1189 nullius
640 1123 788 1189 oratione
810 1125 890 1189 satis
914 1126 1063 1192 dolenter

103 1211 263 1296 deplorari
294 1215 428 1295 queunt,
459 1212 660 1296 referamque
690 1233 742 1276 me
774 1211 816 1276 ad
846 1216 1062 1300 propositum,

102 1321 122 1362 a
144 1320 208 1381 quo
230 1319 282 1361 me
304 1299 351 1361 rei
373 1299 415 1362 ad
441 1320 513 1383 vos,
541 1300 772 1384 adolescentes,
799 1300 942 1366 maxime
964 1305 1061 1390 perti·

101 1385 209 1451 nentis
235 1384 415 1450 recordatio
442 1386 573 1474 longius
594 1387 745 1472 fortasse,
768 1408 867 1471 quam
892 1412 957 1473 par
984 1395 1061 1477 erat,

102 1473 244 1539 abduxit.

167 1561 403 1648 interpretatus
430 1585 514 1648 sum,
541 1566 579 1630 ut
605 1564 683 1648 dixi,
713 1565 933 1649 iampridem
960 1568 1059 1634 libros

100 1647 304 1736 Ethicorum,
322 1673 409 1717 nunc
427 1656 535 1717 autem
552 1651 653 1717 libros
670 1651 893 1736 Politicorum,
911 1657 970 1739 qui
988 1678 1060 1721 cum

100 1738 165 1804 illis
201 1739 383 1805 continuati
418 1761 456 1804 ac
488 1741 624 1805 connexi
659 1742 748 1824 sunt,
784 1745 945 1824 quantum
976 1745 1059 1809 vires

101 1849 192 1892 meae
214 1827 332 1912 ferent,
353 1829 527 1912 illustrare,
554 1828 709 1912 vobisque
731 1827 773 1892 ad
796 1849 851 1894 eos
873 1829 1059 1918 intelligen-

102 1915 160 1981 dos
184 1917 276 2000 quasi
297 1917 402 1982 facem
423 1917 585 2000 praeferre
607 1915 741 1980 decrevi.
776 1913 816 1980 In
838 1917 885 1982 eis
912 1940 1058 1985 summus

101 2004 314 2089 philosophus
341 2004 547 2088 ecquidem,
574 2026 655 2089 quae
682 2003 723 2068 ad
745 2004 907 2069 rationem
928 2007 977 2072 rei
1004 2008 1058 2074 do-

101 2094 253 2158 mesticae
280 2093 457 2177 pertinent,
488 2093 612 2158 modice
640 2092 806 2176 delibavit,
837 2115 920 2176 quae
949 2100 1058 2161 autem

102 2181 143 2243 ad
165 2182 409 2265 rempublicam,
431 2181 590 2246 uberrime
612 2203 650 2246 ac
669 2181 887 2265 copiosissime
910 2205 1058 2267 persecu·

100 2270 154 2329 tus
178 2271 235 2332 est.
272 2267 437 2333 Summam
462 2270 563 2334 totius
591 2270 696 2352 operis
719 2270 871 2352 breviter,
898 2273 937 2335 ut
961 2275 1058 2358 soleo,

101 2374 259 2436 exponere
286 2355 322 2418 in
349 2356 457 2420 animo
485 2360 563 2421 erat.
604 2355 666 2420 Sed
693 2360 731 2420 ut
758 2356 821 2421 diei
842 2361 973 2442 tempus
1002 2365 1058 2446 est,

102 2441 128 2505 si
155 2462 213 2506 vos
241 2441 362 2506 diutius
389 2442 532 2506 detinere
558 2465 740 2528 perrexero,
773 2445 977 2529 obstrepetis.
1019 2449 1058 2514 In

101 2529 277 2593 crastinum
307 2530 408 2614 igitur
439 2528 596 2614 differam,
631 2530 760 2616 iamque
795 2532 893 2597 finem
931 2535 1058 2603 dicendi

100 2617 230 2700 faciam,
253 2617 281 2682 si
302 2618 391 2700 prius
414 2616 584 2703 quaedam,
607 2639 689 2702 quae
711 2623 967 2704 praetermittere
991 2648 1058 2692 non

100 2728 246 2791 possum,
273 2709 395 2792 quanta
421 2706 561 2772 maxima
582 2711 695 2793 potero
718 2709 875 2773 brevitate
901 2715 1058 2794 perstrin-

100 2817 185 2861 xero.
212 2795 318 2863 Deum
330 2796 540 2883 hominesque
554 2800 669 2880 testor,
687 2798 863 2882 auditores,
879 2819 932 2861 me
948 2803 1059 2866 omnia

101 2885 211 2952 scdulo
229 2887 348 2972 facere,
366 2909 470 2974 neque
488 2887 592 2952 labori
606 2907 644 2951 ac
657 2886 775 2971 vigiliis
789 2907 933 2970 parcere,
952 2909 1059 2975 neque

99 2973 262 3040 interdum
293 2978 394 3061 ipsius
425 2975 618 3041 valetudinis
653 2976 813 3040 rationem
848 2973 984 3061 habere,
1023 2982 1061 3042 ut

99 3063 214 3124 vestris
237 3064 432 3126 utilitatibus
460 3061 605 3124 serviam.
640 3059 781 3126 Voculae
808 3062 979 3127 hominum
1003 3071 1062 3131 aut

99 3145 331 3211 malevolorum
354 3151 411 3212 aut
437 3147 513 3230 quid
541 3146 651 3211 dicant
672 3171 740 3215 non
768 3151 846 3214 satis
873 3150 1060 3237 intelligen-

98 3228 193 3311 tium,
226 3234 282 3313 qui
313 3255 418 3297 meam
451 3233 586 3297 docendi
617 3237 776 3302 rationem
809 3238 1062 3328 calumniantur,

98 3316 281 3400 vellentque
317 3341 368 3383 me
404 3323 532 3405 tempus
569 3343 755 3389 consumere
792 3326 827 3389 in
863 3327 1062 3410 quibusdam

98 3405 275 3492 puerilibus
302 3406 446 3490 ineptiis,
473 3409 589 3493 quibus
616 3411 792 3477 trivialium
817 3413 1062 3499 ludimagistro-

98 3518 169 3561 rum
202 3494 330 3560 scholae
363 3494 490 3561 assidue
522 3503 712 3584 personant,
747 3499 842 3565 facile
874 3506 1062 3574 contenmo.
