2332 3824
144 181 207 246 146
510 177 646 234 ORATIO
664 178 724 235 XV.

143 347 212 393 non
234 325 380 410 capiunt,
406 322 558 388 inanibus
582 344 615 387 se
637 322 757 386 fabulis
783 327 917 408 propter
940 327 1110 408 quandam

142 415 274 480 illarum
297 434 371 478 cum
391 410 528 477 historia
551 410 795 478 similitudinem
818 411 993 478 oblectant.

211 501 275 568 Sed
302 519 574 585 supervacaneum
602 502 651 563 est
678 499 717 562 de
744 500 924 584 voluptate,
952 523 1038 585 quae
1069 525 1110 568 ex

142 590 279 656 historia
301 588 488 673 percipitur,
511 587 657 671 pluribus
680 586 798 670 dicere,
826 609 900 652 cum
922 588 957 652 id
981 590 1022 655 de
1047 614 1109 657 suo

144 679 278 763 quisque
301 697 398 741 sensu
420 675 561 740 iudicare
583 675 678 740 facile
700 675 812 758 possit.
839 674 974 741 Utilitas
996 682 1108 744 autem

144 769 266 851 quanta
288 786 327 828 cx
352 763 507 829 historiae
533 763 727 828 tractatione
751 762 910 848 capiatur,
938 766 1013 848 quis
1037 789 1108 832 non

142 853 252 920 videt?
279 850 377 917 Mitto
399 852 478 936 iam,
501 852 587 937 quod
609 852 664 917 ille
683 851 769 936 apud
787 849 958 917 Platonem
971 852 1107 940 Aegyp·

142 941 208 1007 tius
235 940 384 1007 sacerdos
413 939 525 1006 Soloni
548 940 664 1005 dixisse
686 939 803 1024 fertur,
830 960 957 1025 semper
985 964 1107 1025 pueros

143 1051 227 1116 esse,
255 1029 311 1115 qui
337 1029 507 1095 vetustatis
537 1027 723 1114 cognitione
751 1031 895 1092 careant:
922 1029 1011 1094 illius
1036 1033 1108 1116 qui-

143 1118 217 1185 dem
239 1118 385 1185 omnium
406 1117 622 1183 humanarum
643 1137 751 1181 rerum
769 1117 1006 1203 moderatricis,
1028 1141 1106 1202 pru·

144 1207 287 1291 dentiae,
318 1205 403 1270 unde
429 1206 534 1270 maior
560 1205 609 1270 vis
637 1226 735 1288 quam
762 1226 801 1269 ex
827 1204 964 1270 historia
993 1208 1105 1294 colligi

143 1293 273 1379 potest?
313 1292 391 1358 Non
417 1293 504 1357 enim
532 1293 640 1358 avium
667 1295 766 1357 cantu
793 1296 850 1357 aut
876 1294 1003 1378 volatu,
1035 1317 1104 1360 non

142 1380 353 1466 inspiciendis
397 1381 557 1465 pecudum
597 1380 701 1466 fibris,
740 1402 809 1446 non
848 1380 1103 1466 interpretandis

141 1471 340 1538 hariolorum
376 1470 524 1539 cantibus
559 1469 670 1534 futura
704 1472 971 1553 praenoscuntur.
1024 1470 1102 1547 Quis

143 1560 297 1644 cuiusque
320 1558 447 1624 consilii
469 1561 526 1624 aut
547 1558 669 1642 incepti
692 1557 795 1622 exitus
813 1579 883 1622 esse
906 1559 1023 1642 soleat,
1046 1560 1103 1644 qui

143 1647 315 1732 diligenter
336 1647 500 1712 notaverit
522 1650 618 1731 atque
647 1645 878 1729 observaverit,
905 1645 933 1710 is
961 1646 1102 1732 demum,

143 1735 219 1821 quid
246 1757 285 1800 ex
312 1756 375 1820 quo
404 1738 593 1800 eventurum
621 1734 677 1817 sit,
709 1733 830 1818 optime
858 1755 896 1798 ac
923 1735 1103 1800 certissime

141 1824 332 1910 providebit.
378 1822 579 1906 Quamquam
614 1822 701 1886 enim
737 1843 805 1886 non
836 1825 924 1886 certa
960 1824 1101 1906 quadam

143 1916 176 1978 et
197 1912 393 1978 immutabili
414 1911 495 1976 serie
513 1932 564 1976 res
582 1909 743 1976 humanae
757 1911 944 1995 volvuntur,
966 1932 1101 1996 magna-

143 2022 204 2086 que
241 2023 351 2067 earum
386 2000 525 2066 varietas
561 2002 595 2064 et
624 1997 844 2063 inconstantia
875 2001 937 2081 est,
968 2002 1007 2063 ut
1037 2000 1102 2064 hoc

142 2090 262 2174 ipsum,
299 2089 570 2174 quemadmodum
606 2087 733 2152 dicebat
767 2083 953 2171 Agatho*),
990 2087 1101 2152 verisi-

142 2178 218 2243 mile
251 2178 307 2262 sit,
342 2178 446 2242 multa
476 2179 605 2261 praeter
635 2175 682 2260 id,
719 2175 805 2259 quod
836 2174 1009 2241 verisimile
1043 2179 1101 2261 est,

143 2266 285 2330 evenire:
311 2266 500 2349 plerumque
526 2267 637 2328 tamen
664 2285 681 2327 e
710 2262 869 2327 similibus
902 2262 1021 2327 similia
1048 2286 1101 2328 ex-

144 2352 277 2435 sistunt3
312 2373 416 2436 neque
448 2353 515 2416 ulla
546 2351 664 2416 certior
694 2352 807 2434 regula
843 2353 893 2415 est
927 2350 1101 2436 iudicandi,

143 2461 207 2525 quo
226 2461 369 2523 quaeque
387 2462 439 2504 res
458 2461 593 2505 evasura
615 2439 670 2520 sit,
693 2459 791 2520 quam
809 2438 980 2523 inspicere,
1003 2461 1101 2524 quem

143 2528 264 2595 exitum
286 2527 404 2591 similia
425 2527 461 2591 in
482 2525 721 2610 longinquitate
739 2527 896 2610 temporis
914 2527 1043 2611 saepius
1063 2550 1102 2593 ac

141 2615 341 2704 frequentius
363 2614 544 2679 habuerint.

210 2706 331 2783 Quodsi
362 2708 419 2771 aut
449 2702 604 2789 temporis
634 2701 821 2769 bominibus
853 2702 894 2767 ad
925 2702 1101 2768 vivendum

142 2797 287 2863 concessi
308 2796 449 2862 brevitas
473 2797 530 2860 aut
551 2793 623 2878 ipsa
644 2791 730 2856 vitae
752 2791 835 2855 ratio
857 2793 1035 2874 pateretur,
1063 2795 1103 2857 ut

143 2885 229 2950 idem
255 2886 357 2951 homo
379 2886 487 2950 'multa
515 2883 644 2949 saecula
669 2880 797 2966 integra
819 2880 926 2942 mente
948 2877 1101 2962 integris·

144 2992 205 3052 que
238 2975 385 3037 sensibus
416 2973 561 3052 vixisset,
592 2969 710 3032 multas
742 2965 924 3052 provincias
956 2966 1101 3052 obiisset,

142 3057 184 3118 ad
206 3058 338 3123 intimas
361 3060 543 3142 principum
563 3055 707 3118 virorum
729 3056 768 3120 de
791 3053 988 3141 gravissimis
1002 3054 1101 3120 rebus

143 3144 395 3208 consultationes
422 3144 608 3226 frequenter
633 3142 797 3207 adhibitus
824 3144 920 3225 esset,
954 3141 1101 3206 omnium

144 3229 321 3292 sententias
349 3230 517 3312 audiisset,
542 3228 718 3313 rationum,
746 3231 862 3314 quibus
887 3229 1023 3314 quisque
1050 3230 1101 3292 ni·

143 3316 278 3398 taretin,
299 3316 445 3398 pondera
462 3337 500 3381 ac
517 3319 681 3381 momenta
699 3317 871 3403 diligenter
888 3317 1101 3403 expendisset,

194 3511 219 3580 '‘)
238 3505 356 3564 Aristot.
373 3506 451 3563 Poet.
472 3513 512 3563 18.
