2332 3824
99 129 142 194 34
476 130 611 189 ORATIO
629 132 677 187 III.

98 277 234 358 utraque
249 275 383 358 excidat,
392 275 569 360 periculum
583 297 660 340 esse.
684 273 745 350 Qui
760 295 833 339 cum
846 274 932 342 hacc
943 279 1070 366 dicunt,

99 363 126 427 si
149 364 188 427 de
212 364 261 429 sui
287 366 416 429 tantum
437 363 562 449 ingenii
587 363 809 429 imbecillitate
836 364 1067 453 loquerentur,

99 450 224 516 ferendi
244 453 364 516 esseut:
387 472 488 536 nunc,
511 473 584 516 cum
606 473 645 516 ex
667 472 701 516 se
722 451 802 535 ipsis
820 451 903 517 alios
922 455 1065 520 metian-

99 543 165 624 tur,
193 543 238 622 et,
265 538 350 623 quod
374 560 408 603 se
430 542 594 622 praestare
616 560 711 624 posse
734 538 903 624 diffidunt,
930 542 968 606 id
990 545 1064 609 uni·

99 649 189 692 verse
208 648 245 690 ac
268 626 448 712 generatim
469 627 539 693 fieri
560 649 628 692 nou
651 648 745 712 posse
767 629 1004 716 pronuncient,
1027 633 1062 698 in

99 736 137 780 eo
165 736 262 797 quam
288 714 495 780 vehementer
523 719 644 800 errent,
674 715 868 780 admonendi
896 717 1060 785 videntur.

99 801 209 884 Usque
237 823 317 867 eone
345 824 453 868 rerum
479 806 624 869 veterum
653 806 685 867 et
713 803 781 867 eius
809 803 926 888 ipsius,
961 828 1060 890 quam

98 889 306 976 profitemini,
328 891 552 975 philosophiae
570 890 713 975 imperiti
729 890 819 974 estis,
839 894 877 954 ut
896 913 1060 960 summam

98 978 134 1042 in
161 977 363 1064 philosophis
390 980 552 1045 veteribus
582 980 741 1044 exstitisse
768 978 895 1042 dicendi
922 980 994 1047 vim
1023 1004 1059 1048 ac

100 1067 225 1151 copiam
256 1067 429 1133 nesciatis?
478 1067 597 1151 Ecquis
626 1088 770 1150 unquam
798 1065 972 1133 Platonem
1004 1074 1060 1136 aut

98 1155 323 1238 philosophiae
350 1155 484 1220 scientia
511 1158 568 1220 aut
590 1154 716 1219 dicendi
741 1155 896 1221 facultate
926 1177 1060 1240 supera-

99 1241 167 1306 vit?
199 1242 238 1306 de
268 1264 332 1326 quo
360 1240 486 1327 Cicero,
516 1243 621 1327 bonus
649 1242 797 1326 inprimis
827 1243 1058 1333 aestimator*)

100 1329 310 1414 eloquentiae,
322 1330 370 1394 ita
383 1331 554 1416 magnifice
568 1330 740 1415 sentiebat,
760 1329 871 1395 Iovem
883 1334 922 1394 ut
939 1332 1062 1420 ipsum,

100 1418 127 1481 si
150 1439 264 1502 graece
285 1419 375 1502 loqui
392 1420 502 1502 vellet,
523 1439 592 1484 non
614 1418 677 1483 alio
701 1439 798 1502 quam
820 1417 968 1484 Platonis
993 1444 1060 1489 ser·

99 1527 195 1570 moue
216 1528 351 1571 usurum
373 1528 442 1572 esse
465 1507 592 1571 diceret
637 1504 720 1581 Quid
743 1505 959 1571 Aristoteles?
988 1531 1061 1576 non

100 1596 133 1657 et
154 1593 223 1675 ipse
241 1594 367 1659 dicendi
389 1596 560 1678 praecepta
579 1615 665 1658 unus
683 1594 968 1677 omniumoptime
991 1601 1060 1663 tra-

100 1680 194 1765 didit,
217 1685 250 1746 et
272 1703 311 1746 ea
328 1682 454 1749 dicendi
472 1681 565 1765 eopia
586 1682 662 1766 fuit,
684 1685 723 1746 ut
744 1703 818 1746 eum
837 1682 923 1746 idem
942 1681 1060 1753 Cicero

100 1791 178 1834 auro
196 1769 349 1835 fluentem
368 1769 501 1834 fluvium
518 1769 716 1834 nominarit?
736 1792 803 1835 non
817 1769 1061 1858 Xenophontis,

100 1859 217 1922 summi
237 1857 436 1942 philosophi,
458 1878 513 1921 ore
531 1856 642 1922 Musas
661 1859 752 1942 quasi
774 1859 898 1924 locutas
921 1859 1059 1927 ferunt?

100 1968 168 2010 non
191 1946 432 2030 Theophrastus
456 1945 650 2033 eloquendi
673 1946 840 2012 divinitate
862 1967 985 2012 nomen
1007 1950 1059 2014 in·

100 2033 209 2100 venit?
233 2056 302 2099 non
323 2033 555 2118 posterioribus
579 2035 714 2100 saeculis
737 2056 809 2098 eam
830 2034 865 2097 in
888 2032 1059 2104 Carneade

100 2122 165 2184 vim
191 2121 290 2186 fuisse
317 2122 481 2205 proditum
507 2125 569 2206 est,
599 2124 722 2187 nullam
749 2126 786 2187 ut
814 2143 958 2206 unquam
985 2147 1059 2192 rem

101 2208 353 2272 confirmandam
366 2211 554 2295 susceperit,
572 2231 669 2293 quam
681 2232 750 2275 non
767 2211 964 2294 probaverit,
982 2216 1058 2278 nul·

100 2295 165 2358 lam
184 2294 452 2381 impugnandam,
475 2320 571 2381 quem
593 2319 662 2363 non
684 2297 854 2362 everterit?
891 2295 953 2363 Sed
976 2303 1058 2382 quid

100 2385 209 2446 vetera
229 2387 262 2448 et
284 2387 416 2448 externa
434 2386 579 2470 exempla
597 2385 828 2469 conquirimus,
850 2407 923 2450 cum
944 2407 1058 2454 recen·

99 2471 181 2534 tium
202 2473 235 2534 et
254 2471 502 2539 domesticorum
520 2473 613 2556 copia
631 2472 802 2555 suppetat?
829 2472 918 2538 Haec
939 2474 1057 2542 civitas

103 2579 197 2642 quam
221 2560 340 2626 multos
368 2564 401 2625 et
427 2561 504 2626 olim
530 2560 666 2644 protulit
692 2562 725 2624 et
752 2561 893 2643 quotidie
919 2563 1059 2650 profert,

101 2647 156 2730 qui
174 2650 211 2711 ut
232 2649 367 2734 nemini,
385 2649 464 2732 quin
480 2651 616 2731 utraque
634 2646 729 2710 laude
751 2649 985 2734 praestiterint,
1007 2652 1059 2717 ita

101 2735 262 2821 omnibus,
284 2739 358 2801 utra
375 2737 483 2821 potius
500 2735 733 2821 praestiterint,
754 2737 940 2822 ambiguum
957 2739 1057 2803 relin-

122 2822 225 2887 uunt?

101 2845 121 2907 q
167 2909 310 2986 Quorum
323 2934 381 2978 vos
399 2912 629 2996 adolescentes,
642 2934 700 2996 per
712 2912 818 2978 Deum
830 2912 1057 2999 immortalem,

101 3001 281 3083 exemplum
303 3001 487 3083 imitamini,
513 3020 618 3082 neque
641 3001 845 3085 committite,
866 3004 905 3064 ut
926 2999 1056 3066 Veneta

154 3174 179 3241 *)
198 3172 312 3226 Rectius
334 3175 504 3228 existimator
524 3172 689 3242 scripsisset.
730 3175 785 3230 Sed
806 3173 930 3228 nondum
949 3172 1055 3229 Grono-

100 3241 163 3296 vius
182 3242 219 3296 ad
236 3242 296 3297 Liv.
315 3242 441 3298 XXXIV.
465 3249 489 3297 2.
509 3244 538 3297 et
556 3243 592 3298 ad
611 3245 681 3300 Gell.
700 3246 720 3300 I.
740 3251 764 3301 3.
787 3244 887 3298 horum
904 3244 1055 3298 verborum

101 3311 250 3367 discrimen
273 3312 464 3369 constituerat.
500 3312 684 3370 Existimetur
701 3317 745 3370 est
765 3314 862 3369 iudex:
890 3315 1055 3379 aestimator,

102 3383 151 3452 qui
177 3383 299 3454 pretium
322 3384 481 3452 constituit,
508 3400 552 3438 res
580 3385 654 3440 inter
676 3401 706 3440 se
731 3383 885 3455 componit,
912 3386 956 3450 ut,
986 3384 1055 3452 quid

98 3451 326 3524 praeferendum,
349 3454 418 3522 quid
440 3454 665 3525 posthabendum
688 3455 736 3523 sit,
758 3454 909 3525 intelligat.
941 3453 1054 3509 Ruhulr.
