2332 3824
156 214 220 279 194
520 212 658 270 ORATIO
676 213 752 271 XIX.

157 359 366 444 Graecam,
389 357 636 440 Germanorum,
663 356 899 423 Britannorum
926 361 1128 448 aliarumque

156 449 303 534 gentium
327 470 364 512 ac
386 447 555 512 nationum
577 446 725 530 collegia,
747 468 845 530 quam
867 450 1014 516 totidem
1028 452 1127 535 aperti

156 541 190 602 et
217 537 355 620 expositi
383 534 532 601 omnibus
558 534 724 619 religionis
751 539 785 598 et
814 534 982 602 bonarum
1010 541 1125 604 artium

155 626 278 708 fontes,
309 625 350 688 ab
377 624 568 688 inexhausto
594 621 778 706 pontificiae
800 623 1016 691 liberalitatis
1041 629 1125 693 fonte

156 712 348 777 manantes?
402 711 487 786 Quid
518 711 645 777 scholae
675 713 820 795 nostrae,
858 735 944 796 quae
983 717 1125 800 quotidie

155 805 207 866 tot
237 800 527 864 eruditissimorum
561 798 729 864 hominum
764 799 899 864 vocibus
937 809 1125 887 personant,

157 888 273 973 quibus
301 887 370 971 ipse
393 889 529 971 maiora,
556 909 653 972 quam
681 887 815 972 quisque
838 891 916 952 ante
942 911 1022 956 eum
1046 892 1124 958 Pon·

155 976 248 1060 tifex,
270 976 413 1060 praemia
427 976 553 1059 statuit,
577 975 653 1061 quid
666 975 753 1040 aliud
776 998 876 1060 quam
897 977 1123 1046 incredibilem

156 1064 259 1148 ipsius
281 1085 358 1150 erga
383 1065 485 1130 bonas
513 1067 597 1128 artes
620 1084 762 1129 amorem
780 1065 1056 1154 voluntatemque
1079 1071 1123 1134 de

158 1154 303 1218 elarant?
348 1153 432 1228 Quid
454 1155 547 1216 tanta
569 1152 740 1217 multitudo
767 1152 955 1239 hominum,
981 1157 1125 1222 doctrina

157 1263 254 1325 quam
286 1241 401 1323 opibus
432 1241 687 1324 instructionum,
724 1241 840 1324 quibus
872 1241 946 1324 ipse
982 1247 1124 1311 subsidia

156 1328 241 1390 11111
272 1328 362 1410 large
393 1328 579 1411 prolixeque
612 1328 817 1412 suppeditat?
847 1332 887 1392 ut
917 1351 993 1396 non
1020 1336 1124 1399 verius

156 1413 305 1480 Bononia
328 1415 505 1479 studiorum
532 1419 636 1481 mater
662 1438 759 1501 quam
785 1417 813 1481 is
836 1417 929 1501 11111,
960 1443 1030 1506 quo
1060 1425 1125 1507 ipsa

157 1504 296 1568 maxime
319 1504 488 1589 gloriatur,
511 1505 691 1570 studiorum
712 1508 806 1589 pater
826 1507 936 1570 vocari
963 1517 1077 1594 queat.

224 1592 270 1656 At
282 1596 333 1677 tu,
346 1591 499 1657 Laurenti
512 1591 711 1676 Blanchette,
725 1593 774 1658 vir
788 1593 979 1680 clarissime,
996 1601 1125 1684 quando

157 1699 217 1744 nos
240 1680 310 1762 ipse
332 1682 368 1744 in
389 1682 451 1745 fide
466 1703 503 1746 ac
525 1681 705 1765 patrocinio
723 1685 780 1747 tuo
795 1702 865 1746 esse
877 1685 1002 1771 voluit,
1027 1713 1124 1775 quan·

157 1771 228 1834 tum
251 1770 336 1853 apud
359 1791 431 1834 eum
453 1774 559 1854 potes,
582 1770 668 1854 quod
689 1773 722 1833 te
744 1771 920 1854 plurimum
942 1794 1048 1855 posse
1070 1779 1124 1843 sci-

157 1880 243 1941 mus,
269 1861 398 1922 tantum
425 1859 534 1922 confer
561 1859 602 1921 ad
627 1862 796 1942 paternam
823 1859 925 1942 ipsius
954 1883 1041 1949 erga
1068 1888 1124 1931 nos

157 1947 356 2012 voluntatem
377 1946 482 2030 magis
508 1947 674 2032 magisque
703 1946 739 2010 in
765 1946 833 2011 dies
856 1948 1124 2018 confirmandam.

157 2032 261 2098 Multa
283 2035 348 2098 iam
369 2034 471 2118 ipsius
494 2035 693 2119 benignitate
717 2035 880 2099 consecuti
902 2057 1038 2126 sumus3
1068 2065 1124 2128 ego

159 2123 287 2207 quidem
314 2124 407 2206 plura
430 2125 463 2187 11
488 2123 624 2206 maiora,
652 2145 748 2207 quam
770 2126 809 2186 ut
831 2145 868 2187 ea
893 2147 947 2188 me
976 2151 1124 2217 unquam

157 2212 406 2293 promeriturum
442 2233 510 2276 esse
547 2211 713 2277 confidam.
762 2209 825 2276 Sed
861 2212 925 2276 alia
963 2221 1124 2300 quaedam

158 2301 234 2360 sunt
255 2320 315 2363 nec
341 2300 453 2384 iniqua
478 2321 538 2364 nec
564 2300 730 2382 inusitata,
758 2320 852 2384 quae,
878 2303 916 2364 ut
942 2304 1028 2371 alibi
1052 2332 1124 2374 oon·

158 2384 327 2469 ceduntur,
355 2387 383 2450 si
409 2388 463 2452 hic
491 2410 616 2472 quoque
640 2388 899 2470 concederentur,
926 2392 1124 2461 mirabiliter

158 2475 191 2536 et
212 2473 430 2554 professorum
453 2477 486 2538 et
509 2477 725 2541 studiosorum
748 2476 1001 2544 adolescentium
1023 2485 1123 2549 animi

157 2561 198 2624 ad
212 2560 320 2623 omnia
334 2562 464 2644 egregia
478 2564 732 2629 accenderentur.
763 2564 814 2629 Ea
835 2565 909 2648 tibi,
932 2588 1009 2633 cum
1024 2575 1122 2654 11111,

158 2648 334 2732 exposituri
361 2670 486 2734 sumus,
514 2652 546 2713 et
572 2671 629 2734 per
656 2655 688 2716 te
716 2652 837 2737 aliquid
862 2674 923 2718 nos
947 2657 1121 2726 effecturos

158 2759 226 2803 esse
250 2738 446 2805 confidimus.
492 2736 622 2825 Suscipe
650 2741 878 2825 cogitationem
908 2744 941 2805 te
970 2744 1121 2832 dignam,

157 2851 237 2912 para
268 2829 328 2893 tibi
364 2830 640 2895 immortalitatem
671 2829 756 2913 apud
787 2851 898 2895 omnes
934 2830 1121 2902 litterarum

157 2923 316 3000 amantes,
348 2922 381 2983 et
412 2921 549 3003 gratiam
581 2922 614 2983 et
645 2918 794 3003 gloriam3
831 2919 959 3002 perfice,
992 2926 1033 2987 ut
1067 2947 1121 2990 eae

158 3010 257 3089 artes,
281 3027 361 3089 quae
383 3006 418 3068 in
436 3010 469 3070 te
486 3008 613 3069 tantum
628 3010 888 3072 ornamentorum
902 3010 1121 3097 contulerunt,

156 3091 246 3239 qpqpe
266 3092 410 3239 picissim
434 3095 695 3159 ornamentorum
718 3094 838 3182 aliquid
860 3095 921 3162 tibi
943 3117 978 3163 se
1003 3099 1121 3168 debere

170 3198 189 3238 a
223 3198 265 3239 an
280 3199 326 3241 ur.

555 3355 714 3370 --........
