2400 3870
116 111 160 176 20
491 111 628 168 ORATIO
648 112 696 167 111.

116 255 334 322 hauriendos?
374 255 536 322 Decium
555 256 671 342 igitur,
697 256 849 321 desinmt
872 257 928 322 isti
951 258 1087 326 alienae

116 344 294 410 industriae
308 347 570 429 comtemptores,
588 344 710 430 gloriae
724 345 973 430 obtrectatores,
990 368 1085 414 com·

116 435 260 518 primant
277 455 390 500 vocem
413 433 569 497 stultitiae
591 436 688 517 atque
708 432 905 498 invidentiae
926 434 1084 502 indicem

116 521 186 588 Vos
217 543 308 605 vero,
338 520 452 586 Patres
482 521 687 606 amplissimi,
720 522 859 607 pergite,
889 525 929 587 ut
958 523 1084 610 fecitis,

116 610 320 694 benignitate
341 612 450 674 restra
475 610 602 675 labores
624 613 755 675 nostros
781 611 904 694 fovere,
930 614 970 675 nt
995 611 1083 678 haec

116 697 345 763 florentissima
365 700 400 762 et
421 697 579 763 bonarum
602 698 721 762 artium
743 698 858 763 studiis
876 699 1083 766 deditissimus

116 786 267 849 inventus
291 786 574 851 exercitationibus
600 786 688 851 hisee
710 788 831 851 nostris
858 787 900 850 ad
921 787 1082 854 uirtutem

117 875 310 957 praeparata
341 878 438 959 atque
468 876 635 959 praeculta
664 876 806 940 vestram
838 875 916 940 olim
946 875 982 939 in
1014 876 1081 942 hac

117 961 303 1027 felicissima
319 964 485 1049 republica
498 963 713 1049 gubernanda
731 963 924 1048 sapientiam
946 962 1081 1031 facilius

117 1049 237 1117 imitari
260 1055 365 1137 queat.
411 1066 498 1116 uixi.
636 1106 639 1111 .

515 1245 675 1256 ————-

223 1443 277 1504 Du
299 1440 590 1504 PHILOSOPHIAE
612 1441 665 1503 ET
686 1440 969 1512 ELOQUENTIAE

447 1529 743 1593 CONIUNCTIONE

434 1685 649 1768 ORATIO
677 1685 758 1768 Ill.

201 1859 321 1902 mamre
338 1857 485 1902 VENERIS
503 1857 606 1900 MENSE
625 1857 753 1902 ocrem
769 1859 854 1902 Am)
869 1859 990 1902 mmmm

186 2020 220 2087 si
244 2022 315 2106 quis
337 2021 423 2088 forte
444 2022 589 2086 uestium
610 2022 674 2104 est,
695 2018 883 2105 Auditores,
906 2021 958 2085 cui
976 2021 1078 2086 admi·

119 2111 221 2176 rabile
241 2111 401 2194 videatur,
423 2109 524 2194 quod,
547 2130 620 2173 cum
637 2109 736 2173 ceteri
751 2108 876 2173 ordinis
895 2109 958 2173 mei
973 2108 1078 2175 homi-

120 2219 178 2262 nes
200 2199 236 2261 in
259 2198 417 2263 orationis
437 2197 507 2262 fere
530 2197 664 2262 alicuine
684 2201 745 2261 aut
758 2198 916 2281 po'e’matis
939 2197 1078 2280 explice-

120 2285 209 2349 tione
227 2285 349 2348 versari
368 2285 507 2368 soleant,
529 2306 584 2349 eos
603 2285 665 2350 sibi
682 2285 796 2368 libros,
815 2286 934 2368 vquibus
954 2285 1079 2350 abdita-

121 2394 193 2437 rum
215 2375 475 2454 retmsarumquo
495 2393 605 2437 rorum
628 2395 667 2436 ex
684 2372 853 2437 uberrimis
876 2374 940 2438 illis
959 2373 1079 2439 hausta

121 2459 346 2545 philosophiae
368 2458 514 2525 fontibus
531 2461 683 2525 tractatio
702 2461 899 2546 continetur,
921 2463 1079 2545 interpre-

121 2548 214 2613 tandi
241 2547 370 2632 quidem
397 2570 512 2613 caussa
537 2549 592 2613 vix
617 2570 687 2613 esse
715 2549 922 2633 attingendae
950 2552 1080 2635 putent,

122 2657 183 2722 ego
207 2638 321 2702 contro
339 2641 373 2701 et
390 2638 491 2702 altero
510 2637 629 2702 abhinc
646 2657 733 2702 anno
755 2637 895 2722 quinque
914 2635 1078 2702 Ciceronis

121 2726 238 2809 libros,
262 2725 377 2808 quibus
400 2725 440 2790 de
464 2747 587 2790 summo
610 2725 696 2791 bono
720 2725 755 2790 in
769 2727 947 2792 contrarias
967 2730 1078 2810 partes

124 2814 343 2898 copiosissime
365 2814 566 2899 disputatur,
597 2815 821 2898 explicaverim
853 2818 886 2879 et
911 2814 973 2878 hoc
998 2818 1078 2879 tem·

122 2924 201 2987 porc
224 2902 424 2968 Tusculanas
446 2903 527 2967 mihi
547 2903 752 2987 potissimum
774 2902 1021 2988 disputationes,
1044 2903 1080 2967 in

123 2992 239 3075 quibus
261 2991 358 3056 huius
381 2993 460 3056 euni
478 2991 670 3056 curriculum
689 2990 890 3075 conficerem,
913 2991 1078 3076 elegerim:

122 3080 164 3163 is,
187 3081 215 3144 si
236 3080 300 3144 mei
323 3079 450 3145 consilii
468 3082 564 3161 atque
582 3078 724 3142 instituti
742 3099 888 3144 caussam
906 3080 1078 3144 rationem-

123 3188 185 3250 que
210 3168 411 3253 cognoverit,
440 3166 534 3230 simul
557 3167 590 3229 et
616 3165 663 3250 id,
691 3166 776 3251 quod
802 3167 901 3251 focio,
927 3168 1080 3252 probabit

123 3258 156 3319 et
178 3277 242 3340 me,
270 3257 298 3322 si
326 3256 420 3321 aliter
445 3253 606 3337 fecissem,
637 3254 755 3319 iustam
781 3255 948 3321 doctorum
975 3259 1009 3320 et
1030 3257 1079 3320 in-

122 3343 338 3428 telligentium
374 3341 656 3426 reprehensionem
687 3344 777 3408 nullo
813 3346 908 3427 pacto
938 3344 1079 3428 effugere

122 3433 266 3514 potuisse
289 3429 492 3494 existimabit.
526 3429 599 3516 Ego
623 3431 721 3515 enim,
744 3430 930 3517 Auditorcs,
953 3453 1080 3517 semper
