2332 3824
158 183 200 248 38
537 182 674 240 ORATIO
692 183 737 238 lv.

158 329 294 395 iniioiat:
308 365 351 376 -
365 329 421 394 sed
439 330 476 392 ut
493 327 581 392 nudo
601 349 638 392 ae
657 327 793 411 simplici
813 328 969 394 orationis
991 351 1124 419 genere,

158 418 253 501 quale
280 417 425 482 veritatis
456 416 623 500 proprium
649 437 718 480 esse
746 416 793 480 ait
818 415 1045 506 Euripides*),
1076 443 1122 508 aa,

158 527 241 590 quae
264 506 306 570 ad
327 526 395 569 rem
417 504 523 568 facere
546 504 752 587 videbuntur,
774 525 943 588 exponam.

224 593 368 658 Primum
393 592 494 677 igitur
519 612 587 657 non
611 593 728 656 artium
750 591 860 675 modo,
890 593 947 657 sed
970 597 1119 662 omniurn

158 681 291 746 omnino
318 680 533 744 humanarum
553 702 662 745 rerum
684 680 875 765 dignitatem
898 684 996 765 atque
1027 707 1117 768 prae

159 768 312 834 stantiam
327 789 366 832 ex
385 769 464 853 fine,
487 768 637 852 adquam
656 790 765 832 aarum
788 789 932 853 quaeque
956 769 1117 859 dirigitur,

159 876 316 940 quemque
339 856 400 920 sibi
427 858 594 941 proponit,
620 856 719 941 pendi
747 877 785 921 ao
812 856 951 940 spectari
975 860 1117 927 arbitror

158 947 320 1029 oportere,
342 947 393 1030 ut,
420 948 541 1032 quanto
564 945 717 1028 cuiusque
738 944 813 1008 finis
835 948 1059 1028 praestantior
1081 969 1116 1014 ac

158 1032 297 1099 divinior
319 1036 381 1118 est,
407 1037 501 1098 tanto
529 1034 601 1117 ipss
623 1033 737 1097 ceteris
766 1033 918 1097 excellere
944 1033 1115 1102 iudicetur.

159 1120 229 1197 Quo
252 1122 358 1206 posito
382 1157 424 1168 -
448 1125 498 1186 est
519 1122 606 1186 enim
627 1121 674 1184 ita
695 1122 913 1205 perspicuum,
939 1125 977 1186 ut
999 1125 1114 1206 proba-

157 1210 256 1274 tionis
287 1231 356 1274 non
390 1209 546 1294 indigeat,
578 1245 621 1256 -
656 1209 726 1292 quis
763 1231 906 1293 unquam
936 1213 1116 1293 reperietur

156 1300 252 1360 tanta
273 1296 306 1360 vi
328 1296 493 1381 praeditus
516 1297 653 1382 ingenii,
679 1299 773 1360 tanta
795 1296 998 1381 eloquentiae
1023 1301 1115 1385 copia

157 1385 348 1468 instructus,
374 1385 486 1468 quise
513 1386 552 1450 de
574 1384 780 1469 philosophia
802 1407 861 1469 pro
883 1385 986 1469 ipsius
1010 1387 1115 1474 digni-

156 1476 225 1538 tate
251 1474 350 1539 verba
376 1473 482 1538 facere
510 1472 618 1558 posse
633 1472 796 1538 confidat?
837 1471 914 1538 Non
943 1475 1031 1538 enim
1060 1479 1114 1542 illa

112 1611 117 1618 .
158 1561 220 1624 sibi
251 1583 329 1644 opes
361 1583 398 1627 ae
426 1563 548 1646 copias,
580 1583 661 1646 quae
689 1564 722 1625 et
749 1583 844 1646 saepe
871 1565 1114 1645 possessoribus

158 1649 223 1712 suis
243 1649 340 1714 exitio
364 1655 441 1715 sunt
459 1654 577 1715 ettam
595 1649 704 1714 multis
723 1650 850 1714 casibus
868 1649 949 1734 eripi
966 1658 1116 1738 possunt,

156 1758 225 1802 non
246 1737 386 1804 honores
409 1742 442 1803 et
463 1737 610 1822 imperia,
637 1759 718 1822 quae
746 1739 831 1822 quod
860 1739 1115 1826 concupiverint,

156 1826 263 1910 multi,
287 1826 372 1910 quod
391 1828 580 1910 aspernatus
594 1826 649 1910 sit,
672 1847 767 1892 nemo
785 1848 928 1911 unquam
951 1827 1115 1912 vitupera-

156 1917 209 1980 tus
225 1917 282 1999 est,
296 1936 363 1980 non
373 1914 546 1999 quidquam
556 1913 692 1999 deniqne
701 1915 854 1998 proponit
867 1915 1034 1998 eiusmodi,
1049 1940 1115 2001 quo

157 2008 190 2067 et
217 2024 325 2069 carere
353 2004 421 2067 sine
448 2001 567 2085 probro
596 2005 628 2067 et
655 2002 818 2067 abundare
847 2002 915 2066 sine
943 2003 1047 2088 gloria
1077 2007 1132 2070 li·-

157 2095 241 2175 ceat,
260 2091 315 2156 sed
334 2112 418 2175 eam,
440 2091 592 2172 adquam
607 2113 717 2156 omnes
736 2091 915 2175 adspirant,
933 2111 1031 2172 quam
1050 2094 1115 2159 sibi

156 2180 241 2243 votis
278 2179 427 2244 omnibus
463 2183 631 2263 expetunt,
670 2181 711 2243 ad
751 2201 848 2263 quam
888 2199 999 2243 omnes
1037 2201 1115 2247 suas

157 2265 300 2330 actiones
336 2267 507 2351 omniaque
543 2268 677 2333 consilia
717 2267 874 2351 referunt,
913 2266 1114 2334 felicitatem.

157 2351 286 2428 Quanto
312 2355 413 2440 igitur
440 2355 554 2419 ceteris
581 2355 729 2421 omnibus
756 2354 850 2418 bonis
878 2357 1019 2419 antestat
1040 2356 1115 2421 feli·

157 2441 250 2524 citas,
282 2445 375 2508 tanto
402 2441 609 2527 philosophia
636 2442 749 2506 ceteris
782 2441 906 2506 artibus
939 2443 1114 2511 antecellit.

156 2528 250 2604 Quod
274 2531 301 2594 si
322 2534 416 2596 tanto
435 2532 541 2597 studio
565 2532 715 2596 coluntur
728 2531 813 2592 artes
836 2532 1005 2613 quaedam,
1028 2553 1114 2614 quae

155 2617 238 2683 nihil
261 2618 322 2682 sibi
345 2619 445 2704 aliud,
468 2641 565 2704 quam
585 2621 710 2683 lucrum
732 2619 765 2680 et
785 2617 833 2681 rei
854 2618 1021 2682 familiaris
1045 2641 1113 2684 am-

155 2706 385 2791 plificationem
420 2711 491 2772 tum
525 2708 693 2788 incertam,
728 2707 798 2769 tum
832 2707 951 2771 laboris
983 2727 1021 2769 ac
1057 2730 1113 2792 pe·

155 2795 248 2859 1101111
271 2796 401 2879 plenam
423 2798 624 2879 proponunt,
648 2796 769 2876 quanto
787 2794 868 2859 haec
886 2792 991 2858 studio
1011 2794 1113 2880 digna

156 2886 218 2965 est,
241 2905 305 2966 qua
327 2887 484 2968 parantur
507 2903 600 2948 verae
622 2881 696 2945 illae
716 2903 792 2966 opes
812 2881 924 2964 animi,
947 2902 1028 2964 quae
1042 2904 1112 2949 non

155 2969 243 3035 furto
273 2972 366 3056 eripi,
392 2993 461 3037 non
487 2969 635 3035 incendio
668 2970 807 3055 absumi,
838 2991 906 3035 non
937 2970 1112 3056 naufragio

156 3057 322 3123 absorberi
344 3062 493 3143 possunt,
516 3078 659 3141 quaeque
682 3062 802 3124 certam
823 3061 1006 3141 rectamque
1024 3059 1113 3126 viam

156 3150 413 3212 commonstrant
430 3146 471 3210 ad
493 3146 748 3229 persequendum
770 3147 803 3211 id
825 3146 960 3229 bonum,
983 3167 1046 3229 quo
1061 3166 1112 3211 ce-

155 3235 226 3298 tera
248 3236 358 3299 omnia
380 3232 608 3300 continentur?
645 3233 679 3299 Si
701 3239 794 3300 tanto
816 3234 852 3298 in
873 3233 997 3299 honore
1012 3233 1113 3298 medi·

158 3507 172 3531 u
210 3444 238 3513 ³³)
262 3442 358 3512 Eurip.
377 3441 520 3498 Phoeniss.
541 3447 601 3498 469.
635 3437 743 3506 ἁπλοῦς
762 3437 777 3497 ὁ
797 3441 889 3512 μῦθος
907 3441 956 3509 τῆς
973 3433 1113 3506 ἀληθείας

157 3532 219 3581 spo.
