2332 3824
154 155 197 220 98
535 155 670 211 ORATIO
689 155 724 211 X.

217 428 301 490 CUM
324 426 504 489 SENECAE
526 427 681 488 LIBRUM
703 428 756 488 DE
778 428 1070 496 PROVIDENTIA

365 533 748 594 INTERPRETATURUS
770 534 904 598 ESSET.

486 685 697 770 ORATIO
732 687 783 769 X.

326 860 445 904 narem
459 861 566 904 nom
579 861 624 903 111.
638 861 706 905 NON.
720 861 783 904 nm.
797 862 941 907 mnxxv.

219 1003 270 1071 De
291 1002 414 1072 Seneca
436 1004 519 1069 nihil
540 1004 602 1069 hoe
625 1005 696 1070 loeo
720 1005 875 1070 constitui
899 1006 1027 1094 dicere3
1049 1033 1119 1076 nam

155 1095 181 1160 si
204 1095 439 1180 vituperatores
466 1093 553 1157 illius
580 1093 748 1158 confutare
774 1094 906 1180 vellem,
934 1101 1118 1164 necessario

154 1183 234 1248 mihi
257 1183 402 1248 ducenda
421 1183 529 1245 essent
546 1181 720 1265 praeeipua
738 1186 933 1266 argumenta
952 1207 971 1250 e
994 1188 1118 1273 seriptis

154 1271 270 1354 ipsius,
298 1272 336 1334 ut
359 1269 574 1353 ostenderem,
607 1291 680 1334 eum
708 1272 740 1333 et
767 1269 936 1336 doctrinae
965 1277 1065 1360 copia
1090 1280 1119 1340 et

156 1356 316 1422 scribendi
344 1356 508 1442 elegantia
533 1356 632 1442 longe
659 1358 860 1441 multumque
885 1362 1046 1429 omnibus
1068 1364 1118 1429 olr

155 1445 383 1512 tractatoribus
406 1445 473 1510 suis
496 1445 704 1529 praestitisse.
731 1443 828 1510 Nune
851 1467 927 1512 oum
956 1453 1049 1535 apud
1067 1473 1117 1517 eos

156 1535 322 1620 disseram,
354 1534 470 1620 quibus
504 1531 643 1598 Senecae
676 1534 795 1618 scripta
821 1538 902 1600 nota
930 1558 1003 1603 non
1038 1543 1118 1623 sunt,

155 1657 197 1669 -
223 1625 341 1704 quotus
369 1623 455 1687 enim
483 1622 617 1706 quisque
644 1626 787 1687 vestrum
814 1627 890 1688 ante
917 1623 1011 1692 huno
1037 1629 1117 1693 diem

155 1732 206 1795 ea,
229 1731 297 1774 non
320 1711 438 1795 diuam,
466 1711 585 1776 evolvit
612 1713 669 1773 aut
690 1711 783 1795 legit,
811 1712 867 1775 sed
893 1712 1044 1798 inspexit
1066 1720 1119 1780 aut

155 1798 288 1886 attig't?
312 1835 352 1846 -
377 1802 457 1884 puto
480 1819 531 1862 me
559 1798 758 1863 commodius
785 1819 854 1863 esse
881 1799 1066 1888 fauturum,
1094 1804 1119 1868 si

155 1890 244 1972 prius
267 1888 355 1953 huno
376 1887 522 1952 libellum
548 1887 633 1951 mole
663 1887 805 1970 quidem,
832 1889 870 1951 ut
892 1888 1027 1977 videtis,
1057 1893 1119 1957 exi·

156 1998 269 2063 guum,
301 1977 356 2042 sed
388 1979 421 2041 et
453 1975 608 2040 orationis
641 1975 839 2040 ornamentis
870 1978 904 2039 et
931 1980 1118 2064 argumenti

156 2067 329 2151 gravitate,
363 2067 401 2129 ut
428 2064 586 2148 sentietis,
618 2064 769 2128 eximium
796 2062 887 2127 vobis
914 2087 1118 2151 proposuero

156 2175 194 2218 ao
217 2154 331 2218 deinde
354 2153 542 2237 permisero,
569 2155 607 2216 ut
634 2175 673 2216 ex
701 2174 738 2216 eo
767 2149 921 2216 Senecam
948 2156 1120 2240 tamquam

156 2262 194 2303 ex
235 2241 350 2324 ungui,
395 2243 433 2303 ut
473 2241 603 2324 dieitur,
643 2241 771 2305 leonem
812 2239 1038 2330 aestimantes,
1082 2245 1119 2309 de

156 2326 256 2410 ipsius
303 2327 462 2409 sapientia
507 2331 540 2391 et
580 2329 765 2410 eloquentia
808 2327 966 2394 arbitratu
1010 2336 1119 2399 vestro

155 2413 312 2478 iudieetis.
352 2413 484 2479 Urbane
512 2414 624 2478 Ulixes
657 2415 742 2496 apud
769 2414 958 2499 Euripidem
992 2420 1030 2485 in
1059 2417 1120 2506 Cy·

157 2503 262 2584 elope,
284 2521 357 2565 eum
376 2499 484 2565 Sileno
507 2502 618 2564 vinum
640 2502 829 2569 venditurus
852 2508 949 2591 esset,
972 2505 1023 2573 ita
1047 2531 1121 2575 eum

157 2586 384 2674 alloquitur*):

321 2725 385 2781 Via'
404 2731 436 2782 tu
448 2727 533 2796 prius
550 2732 661 2797 pastore
679 2731 746 2799 qaid
763 2731 825 2785 viai
842 2728 950 2797 feam?

158 2851 209 2917 oui
233 2850 369 2922 Silenus:

318 2994 369 3047 Itu
382 2993 519 3047 eoaoeait:
532 3009 598 3046 nam
611 2996 706 3060 pastas
720 2998 862 3062 emptorem
870 2998 955 3046 vocat.

223 3112 296 3195 Ego
325 3137 465 3200 quoque,
498 3138 571 3180 eum
598 3115 691 3180 robis
717 3116 805 3182 huno
833 3118 1023 3202 seriptorem
1050 3146 1125 3191 non

158 3197 287 3279 quidem
315 3203 465 3285 vendere,
494 3204 549 3267 sed
577 3206 662 3267 certe
694 3206 916 3270 commendare
949 3211 1049 3292 atque
1085 3218 1126 3278 ut

158 3285 244 3369 apud
276 3308 333 3350 vos
365 3289 400 3351 in
431 3291 535 3372 pretio
569 3291 624 3376 sit,
661 3292 786 3358 efficere
823 3294 963 3379 cupiam,
1000 3297 1125 3368 debere

212 3478 238 3547 *)
256 3477 352 3550 Eurip.
373 3476 446 3548 Cyol.
469 3484 527 3533 149.
547 3499 588 3536 so.
