<?xml version="1.0" encoding="UTF-8"?>
<!DOCTYPE html PUBLIC "-//W3C//DTD XHTML 1.0 Transitional//EN"
    "http://www.w3.org/TR/xhtml1/DTD/xhtml1-transitional.dtd">
<html xmlns="http://www.w3.org/1999/xhtml" xml:lang="en" lang="en">
 <head>
  <title>
</title>
<meta http-equiv="Content-Type" content="text/html;charset=utf-8" />
  <meta name='ocr-system' content='tesseract 3.04.00' />
  <meta name='ocr-capabilities' content='ocr_page ocr_carea ocr_par ocr_line ocrx_word'/>
</head>
<body>
  <div class='ocr_page' id='page_1' title='image "./scriptaselecta00muregoog_0111.png"; bbox 0 0 2332 3824; ppageno 0'>
   <div class='ocr_carea' id='block_1_1' title="bbox 97 125 678 194">
    <p class='ocr_par' dir='ltr' id='par_1_1' title="bbox 97 125 678 194">
     <span class='ocr_line' id='line_1_1' title="bbox 97 125 678 194; baseline -0.024 0"><span class='ocrx_word' id='word_1_1' title='bbox 97 127 141 194; x_wconf 83' lang='grc'>96</span> <span class='ocrx_word' id='word_1_2' title='bbox 475 125 611 183; x_wconf 80' lang='lat' dir='ltr'><strong>ORATIO</strong></span> <span class='ocrx_word' id='word_1_3' title='bbox 630 126 678 182; x_wconf 87' lang='lat' dir='ltr'>IX.</span> 
     </span>
    </p>
   </div>
   <div class='ocr_carea' id='block_1_2' title="bbox 96 270 1065 779">
    <p class='ocr_par' dir='ltr' id='par_1_2' title="bbox 96 270 1065 779">
     <span class='ocr_line' id='line_1_2' title="bbox 96 270 1065 358; baseline 0.001 -18"><span class='ocrx_word' id='word_1_4' title='bbox 96 274 160 340; x_wconf 93' lang='lat' dir='ltr'>hoc</span> <span class='ocrx_word' id='word_1_5' title='bbox 192 273 254 339; x_wconf 86' lang='lat' dir='ltr'>sihi</span> <span class='ocrx_word' id='word_1_6' title='bbox 279 293 471 358; x_wconf 87' lang='lat' dir='ltr'>responsum</span> <span class='ocrx_word' id='word_1_7' title='bbox 501 270 685 336; x_wconf 89' lang='lat' dir='ltr'>habeant</span> <span class='ocrx_word' id='word_1_8' title='bbox 675 293 742 335; x_wconf 88' lang='lat' dir='ltr'>ram</span> <span class='ocrx_word' id='word_1_9' title='bbox 774 271 856 338; x_wconf 89' lang='lat' dir='ltr'>inde</span> <span class='ocrx_word' id='word_1_10' title='bbox 890 274 935 339; x_wconf 86' lang='lat' dir='ltr'>ab</span> <span class='ocrx_word' id='word_1_11' title='bbox 969 275 1065 342; x_wconf 91' lang='lat' dir='ltr'>heroi-</span> 
     </span>
     <span class='ocr_line' id='line_1_3' title="bbox 98 352 1065 447; baseline 0.001 -19"><span class='ocrx_word' id='word_1_12' title='bbox 98 364 144 428; x_wconf 89' lang='lat' dir='ltr'>cis</span> <span class='ocrx_word' id='word_1_13' title='bbox 180 366 268 447; x_wconf 89' lang='lat' dir='ltr'>temp</span> <span class='ocrx_word' id='word_1_14' title='bbox 270 362 379 427; x_wconf 90' lang='lat' dir='ltr'>oribus</span> <span class='ocrx_word' id='word_1_15' title='bbox 416 359 621 426; x_wconf 85' lang='lat' dir='ltr'>coniunctam</span> <span class='ocrx_word' id='word_1_16' title='bbox 656 358 758 424; x_wconf 86' lang='lat' dir='ltr'>fnisse</span> <span class='ocrx_word' id='word_1_17' title='bbox 799 352 928 426; x_wconf 74' lang='lat' dir='ltr'>hairum</span> <span class='ocrx_word' id='word_1_18' title='bbox 966 386 1065 429; x_wconf 91' lang='lat' dir='ltr'>rerum</span> 
     </span>
     <span class='ocr_line' id='line_1_4' title="bbox 98 446 1064 536; baseline 0 -20"><span class='ocrx_word' id='word_1_19' title='bbox 98 451 344 536; x_wconf 84' lang='lat' dir='ltr'><strong>professionem,</strong></span> <span class='ocrx_word' id='word_1_20' title='bbox 388 449 485 532; x_wconf 93' lang='lat' dir='ltr'>idque</span> <span class='ocrx_word' id='word_1_21' title='bbox 529 448 581 514; x_wconf 84' lang='lat' dir='ltr'>vel</span> <span class='ocrx_word' id='word_1_22' title='bbox 624 446 681 511; x_wconf 93' lang='lat' dir='ltr'>illo</span> <span class='ocrx_word' id='word_1_23' title='bbox 702 450 892 533; x_wconf 77' lang='lat' dir='ltr'>cognosci</span> <span class='ocrx_word' id='word_1_24' title='bbox 935 451 1064 518; x_wconf 83' lang='lat' dir='ltr'>Homeri</span> 
     </span>
     <span class='ocr_line' id='line_1_5' title="bbox 98 533 1063 621; baseline 0 -16"><span class='ocrx_word' id='word_1_25' title='bbox 98 541 183 621; x_wconf 94' lang='lat' dir='ltr'>loco,</span> <span class='ocrx_word' id='word_1_26' title='bbox 228 537 284 603; x_wconf 89' lang='lat' dir='ltr'>uhi</span> <span class='ocrx_word' id='word_1_27' title='bbox 323 537 470 602; x_wconf 84' lang='lat' dir='ltr'>Phoenix</span> <span class='ocrx_word' id='word_1_28' title='bbox 509 537 620 601; x_wconf 91' lang='lat' dir='ltr'>datum</span> <span class='ocrx_word' id='word_1_29' title='bbox 662 554 696 599; x_wconf 85' lang='grc'>11</span> <span class='ocrx_word' id='word_1_30' title='bbox 736 533 934 602; x_wconf 83' lang='lat' dir='ltr'><strong>Achillia</strong></span> <span class='ocrx_word' id='word_1_31' title='bbox 976 539 1063 605; x_wconf 91' lang='lat' dir='ltr'>Peleo</span> 
     </span>
     <span class='ocr_line' id='line_1_6' title="bbox 100 623 1062 709; baseline 0.001 -18"><span class='ocrx_word' id='word_1_32' title='bbox 100 628 189 709; x_wconf 83' lang='lat' dir='ltr'>dicit,</span> <span class='ocrx_word' id='word_1_33' title='bbox 163 628 258 690; x_wconf 83' lang='lat' dir='ltr'>tut</span> <span class='ocrx_word' id='word_1_34' title='bbox 289 647 362 690; x_wconf 92' lang='lat' dir='ltr'>eum</span> <span class='ocrx_word' id='word_1_35' title='bbox 394 629 427 690; x_wconf 89' lang='grc'>11</span> <span class='ocrx_word' id='word_1_36' title='bbox 458 627 570 690; x_wconf 88' lang='lat' dir='ltr'>ornate</span> <span class='ocrx_word' id='word_1_37' title='bbox 602 623 706 688; x_wconf 88' lang='lat' dir='ltr'>dicere</span> <span class='ocrx_word' id='word_1_38' title='bbox 734 626 768 688; x_wconf 87' lang='lat' dir='ltr'>et</span> <span class='ocrx_word' id='word_1_39' title='bbox 796 625 936 692; x_wconf 85' lang='lat' dir='ltr'>fortiter</span> <span class='ocrx_word' id='word_1_40' title='bbox 965 629 1062 694; x_wconf 86' lang='lat' dir='ltr'>facere</span> 
     </span>
     <span class='ocr_line' id='line_1_7' title="bbox 100 714 240 779; baseline -0.023 0"><span class='ocrx_word' id='word_1_41' title='bbox 100 714 240 779; x_wconf 88' lang='lat' dir='ltr'>doceret:</span> 
     </span>
    </p>
   </div>
   <div class='ocr_carea' id='block_1_3' title="bbox 188 844 963 994">
    <p class='ocr_par' dir='ltr' id='par_1_3' title="bbox 188 844 963 994">
     <span class='ocr_line' id='line_1_8' title="bbox 191 844 963 940; baseline 0.004 -35"><span class='ocrx_word' id='word_1_42' title='bbox 191 847 320 907; x_wconf 80' lang='grc' dir='ltr'><strong><em>Τοῦνεκά</em></strong></span> <span class='ocrx_word' id='word_1_43' title='bbox 339 870 373 920; x_wconf 78' lang='grc' dir='ltr'>με</span> <span class='ocrx_word' id='word_1_44' title='bbox 392 850 513 940; x_wconf 76' lang='grc' dir='ltr'><strong><em>προέηκε</em></strong></span> <span class='ocrx_word' id='word_1_45' title='bbox 534 847 736 933; x_wconf 76' lang='grc' dir='ltr'><strong><em>διδασκέμεναι</em></strong></span> <span class='ocrx_word' id='word_1_46' title='bbox 753 844 825 904; x_wconf 74' lang='grc' dir='ltr'>τάδε</span> <span class='ocrx_word' id='word_1_47' title='bbox 844 847 963 925; x_wconf 74' lang='grc' dir='ltr'>πάντα,</span> 
     </span>
     <span class='ocr_line' id='line_1_9' title="bbox 188 896 963 994; baseline 0.001 -18"><span class='ocrx_word' id='word_1_48' title='bbox 188 918 302 978; x_wconf 74' lang='grc' dir='ltr'><strong><em>Μόθων</em></strong></span> <span class='ocrx_word' id='word_1_49' title='bbox 320 941 350 978; x_wconf 79' lang='lat' dir='ltr'>ce</span> <span class='ocrx_word' id='word_1_50' title='bbox 370 917 490 993; x_wconf 64' lang='lat' dir='ltr'>praeiri*</span> <span class='ocrx_word' id='word_1_51' title='bbox 475 939 574 990; x_wconf 81' lang='grc' dir='ltr'><strong><em>εμεναι</em></strong></span> <span class='ocrx_word' id='word_1_52' title='bbox 592 915 737 990; x_wconf 76' lang='grc' dir='ltr'><strong><em>πρηκτῆρά</em></strong></span> <span class='ocrx_word' id='word_1_53' title='bbox 755 938 786 974; x_wconf 81' lang='grc' dir='ltr'>τε</span> <span class='ocrx_word' id='word_1_54' title='bbox 807 896 963 994; x_wconf 53' lang='lat' dir='ltr'>iopam.</span> 
     </span>
    </p>
   </div>
   <div class='ocr_carea' id='block_1_4' title="bbox 101 1061 1069 3350">
    <p class='ocr_par' dir='ltr' id='par_1_4' title="bbox 101 1061 1062 2555">
     <span class='ocr_line' id='line_1_10' title="bbox 101 1061 1059 1153; baseline 0 -21"><span class='ocrx_word' id='word_1_55' title='bbox 101 1066 267 1151; x_wconf 73' lang='grc'>11111111,</span> <span class='ocrx_word' id='word_1_56' title='bbox 295 1069 361 1132; x_wconf 86' lang='lat' dir='ltr'>sive</span> <span class='ocrx_word' id='word_1_57' title='bbox 384 1088 460 1130; x_wconf 84' lang='lat' dir='ltr'>vera</span> <span class='ocrx_word' id='word_1_58' title='bbox 487 1069 537 1130; x_wconf 88' lang='lat' dir='ltr'>est</span> <span class='ocrx_word' id='word_1_59' title='bbox 558 1064 602 1129; x_wconf 91' lang='grc' dir='ltr'>Μ.</span> <span class='ocrx_word' id='word_1_60' title='bbox 626 1061 686 1129; x_wconf 78' lang='lat' dir='ltr'>cat</span> <span class='ocrx_word' id='word_1_61' title='bbox 672 1064 759 1128; x_wconf 86' lang='lat' dir='ltr'>tonis</span> <span class='ocrx_word' id='word_1_62' title='bbox 786 1064 879 1130; x_wconf 89' lang='lat' dir='ltr'>illius</span> <span class='ocrx_word' id='word_1_63' title='bbox 911 1068 1059 1153; x_wconf 83' lang='lat' dir='ltr'>sapientis</span> 
     </span>
     <span class='ocr_line' id='line_1_11' title="bbox 103 1153 1059 1240; baseline 0.001 -21"><span class='ocrx_word' id='word_1_64' title='bbox 103 1156 260 1237; x_wconf 89' lang='lat' dir='ltr'>definitio,</span> <span class='ocrx_word' id='word_1_65' title='bbox 288 1157 448 1220; x_wconf 90' lang='lat' dir='ltr'>oratorem</span> <span class='ocrx_word' id='word_1_66' title='bbox 471 1174 540 1218; x_wconf 87' lang='lat' dir='ltr'>esse</span> <span class='ocrx_word' id='word_1_67' title='bbox 567 1153 672 1219; x_wconf 81' lang='lat' dir='ltr'>virum</span> <span class='ocrx_word' id='word_1_68' title='bbox 698 1153 824 1216; x_wconf 91' lang='lat' dir='ltr'>bonum</span> <span class='ocrx_word' id='word_1_69' title='bbox 853 1154 989 1223; x_wconf 91' lang='lat' dir='ltr'>dicendi</span> <span class='ocrx_word' id='word_1_70' title='bbox 1015 1177 1059 1240; x_wconf 90' lang='lat' dir='ltr'>pc·</span> 
     </span>
     <span class='ocr_line' id='line_1_12' title="bbox 101 1239 1058 1330; baseline 0.004 -25"><span class='ocrx_word' id='word_1_71' title='bbox 101 1243 212 1324; x_wconf 91' lang='lat' dir='ltr'>ritum,</span> <span class='ocrx_word' id='word_1_72' title='bbox 240 1241 308 1323; x_wconf 89' lang='lat' dir='ltr'>qui,</span> <span class='ocrx_word' id='word_1_73' title='bbox 336 1241 497 1324; x_wconf 93' lang='lat' dir='ltr'>quomodo</span> <span class='ocrx_word' id='word_1_74' title='bbox 520 1241 569 1306; x_wconf 83' lang='lat' dir='ltr'>vir</span> <span class='ocrx_word' id='word_1_75' title='bbox 591 1240 695 1305; x_wconf 89' lang='lat' dir='ltr'>bonus</span> <span class='ocrx_word' id='word_1_76' title='bbox 717 1239 792 1322; x_wconf 87' lang='lat' dir='ltr'>fias,</span> <span class='ocrx_word' id='word_1_77' title='bbox 820 1241 938 1328; x_wconf 92' lang='lat' dir='ltr'>docet,</span> <span class='ocrx_word' id='word_1_78' title='bbox 965 1246 1058 1330; x_wconf 92' lang='lat' dir='ltr'>potio-</span> 
     </span>
     <span class='ocr_line' id='line_1_13' title="bbox 102 1328 1058 1431; baseline 0.003 -37"><span class='ocrx_word' id='word_1_79' title='bbox 102 1351 170 1394; x_wconf 94' lang='lat' dir='ltr'>rem</span> <span class='ocrx_word' id='word_1_80' title='bbox 189 1350 225 1392; x_wconf 89' lang='lat' dir='ltr'>ac</span> <span class='ocrx_word' id='word_1_81' title='bbox 243 1329 512 1412; x_wconf 72' lang='lat' dir='ltr'>praestantiorem</span> <span class='ocrx_word' id='word_1_82' title='bbox 529 1332 655 1431; x_wconf 91' lang='lat' dir='ltr'>partem</span> <span class='ocrx_word' id='word_1_83' title='bbox 674 1328 753 1392; x_wconf 86' lang='lat' dir='ltr'>artis</span> <span class='ocrx_word' id='word_1_84' title='bbox 773 1331 943 1397; x_wconf 90' lang='lat' dir='ltr'>oratoriae</span> <span class='ocrx_word' id='word_1_85' title='bbox 964 1333 1058 1413; x_wconf 87' lang='lat' dir='ltr'>docet·</span> 
     </span>
     <span class='ocr_line' id='line_1_14' title="bbox 103 1379 1058 1502; baseline 0 -20"><span class='ocrx_word' id='word_1_86' title='bbox 103 1419 169 1483; x_wconf 84' lang='lat' dir='ltr'>sive</span> <span class='ocrx_word' id='word_1_87' title='bbox 209 1416 320 1482; x_wconf 80' lang='lat' dir='ltr'>Aristo</span> <span class='ocrx_word' id='word_1_88' title='bbox 321 1418 418 1482; x_wconf 92' lang='lat' dir='ltr'>telem</span> <span class='ocrx_word' id='word_1_89' title='bbox 458 1418 548 1501; x_wconf 88' lang='lat' dir='ltr'>sequi</span> <span class='ocrx_word' id='word_1_90' title='bbox 588 1418 760 1500; x_wconf 90' lang='lat' dir='ltr'>malumus,</span> <span class='ocrx_word' id='word_1_91' title='bbox 802 1419 842 1480; x_wconf 92' lang='lat' dir='ltr'>ut</span> <span class='ocrx_word' id='word_1_92' title='bbox 885 1379 1058 1502; x_wconf 72' lang='lat' dir='ltr'>quamlibet¹</span> 
     </span>
     <span class='ocr_line' id='line_1_15' title="bbox 103 1504 1058 1592; baseline 0.003 -22"><span class='ocrx_word' id='word_1_93' title='bbox 103 1507 225 1570; x_wconf 89' lang='lat' dir='ltr'>bonum</span> <span class='ocrx_word' id='word_1_94' title='bbox 257 1510 328 1572; x_wconf 88' lang='lat' dir='ltr'>orat</span> <span class='ocrx_word' id='word_1_95' title='bbox 330 1528 418 1572; x_wconf 94' lang='lat' dir='ltr'>orem</span> <span class='ocrx_word' id='word_1_96' title='bbox 455 1527 523 1570; x_wconf 89' lang='lat' dir='ltr'>esse</span> <span class='ocrx_word' id='word_1_97' title='bbox 560 1527 655 1589; x_wconf 90' lang='lat' dir='ltr'>posse</span> <span class='ocrx_word' id='word_1_98' title='bbox 691 1504 835 1568; x_wconf 90' lang='lat' dir='ltr'>dicamus</span> <span class='ocrx_word' id='word_1_99' title='bbox 875 1508 982 1573; x_wconf 89' lang='lat' dir='ltr'>etiarn</span> <span class='ocrx_word' id='word_1_100' title='bbox 1012 1507 1058 1592; x_wconf 89' lang='lat' dir='ltr'>qui</span> 
     </span>
     <span class='ocr_line' id='line_1_16' title="bbox 103 1592 1058 1682; baseline 0.003 -25"><span class='ocrx_word' id='word_1_101' title='bbox 103 1595 236 1657; x_wconf 90' lang='lat' dir='ltr'>nonsit</span> <span class='ocrx_word' id='word_1_102' title='bbox 263 1595 456 1673; x_wconf 83' lang='lat' dir='ltr'>virbonus,</span> <span class='ocrx_word' id='word_1_103' title='bbox 484 1594 588 1658; x_wconf 90' lang='lat' dir='ltr'>facere</span> <span class='ocrx_word' id='word_1_104' title='bbox 615 1595 725 1657; x_wconf 90' lang='lat' dir='ltr'>tamen</span> <span class='ocrx_word' id='word_1_105' title='bbox 747 1592 838 1656; x_wconf 92' lang='lat' dir='ltr'>nullo</span> <span class='ocrx_word' id='word_1_106' title='bbox 863 1597 967 1662; x_wconf 92' lang='lat' dir='ltr'>modo</span> <span class='ocrx_word' id='word_1_107' title='bbox 996 1618 1058 1682; x_wconf 80' lang='lat' dir='ltr'>pos</span> 
     </span>
     <span class='ocr_line' id='line_1_17' title="bbox 105 1680 1059 1767; baseline 0.001 -20"><span class='ocrx_word' id='word_1_108' title='bbox 105 1703 227 1767; x_wconf 88' lang='lat' dir='ltr'>sumus,</span> <span class='ocrx_word' id='word_1_109' title='bbox 260 1683 339 1766; x_wconf 91' lang='lat' dir='ltr'>quin</span> <span class='ocrx_word' id='word_1_110' title='bbox 370 1705 441 1748; x_wconf 90' lang='lat' dir='ltr'>eam</span> <span class='ocrx_word' id='word_1_111' title='bbox 472 1684 598 1765; x_wconf 88' lang='lat' dir='ltr'>partem</span> <span class='ocrx_word' id='word_1_112' title='bbox 628 1680 870 1765; x_wconf 84' lang='lat' dir='ltr'>philosophiae,</span> <span class='ocrx_word' id='word_1_113' title='bbox 904 1705 973 1767; x_wconf 89' lang='lat' dir='ltr'>qua</span> <span class='ocrx_word' id='word_1_114' title='bbox 1003 1685 1059 1750; x_wconf 83' lang='lat' dir='ltr'>for·</span> 
     </span>
     <span class='ocr_line' id='line_1_18' title="bbox 104 1769 1059 1855; baseline 0 -19"><span class='ocrx_word' id='word_1_115' title='bbox 104 1774 235 1836; x_wconf 91' lang='lat' dir='ltr'>mantur</span> <span class='ocrx_word' id='word_1_116' title='bbox 270 1792 389 1855; x_wconf 88' lang='lat' dir='ltr'>mores,</span> <span class='ocrx_word' id='word_1_117' title='bbox 430 1770 551 1835; x_wconf 89' lang='lat' dir='ltr'>oratori</span> <span class='ocrx_word' id='word_1_118' title='bbox 589 1769 699 1833; x_wconf 85' lang='lat' dir='ltr'>futuro</span> <span class='ocrx_word' id='word_1_119' title='bbox 735 1770 958 1837; x_wconf 88' lang='lat' dir='ltr'>necessariam</span> <span class='ocrx_word' id='word_1_120' title='bbox 1000 1793 1059 1838; x_wconf 89' lang='lat' dir='ltr'>esse</span> 
     </span>
     <span class='ocr_line' id='line_1_19' title="bbox 104 1857 1061 1958; baseline -0.001 -34"><span class='ocrx_word' id='word_1_121' title='bbox 104 1861 272 1926; x_wconf 79' lang='lat' dir='ltr'>fateamur.</span> <span class='ocrx_word' id='word_1_122' title='bbox 321 1857 488 1936; x_wconf 84' lang='lat' dir='ltr'>Quomodo</span> <span class='ocrx_word' id='word_1_123' title='bbox 529 1858 616 1922; x_wconf 88' lang='lat' dir='ltr'>enim</span> <span class='ocrx_word' id='word_1_124' title='bbox 651 1859 798 1958; x_wconf 68' lang='grc'>111111</span> <span class='ocrx_word' id='word_1_125' title='bbox 838 1859 976 1942; x_wconf 90' lang='lat' dir='ltr'>copiose</span> <span class='ocrx_word' id='word_1_126' title='bbox 1012 1863 1061 1926; x_wconf 88' lang='lat' dir='ltr'>aut</span> 
     </span>
     <span class='ocr_line' id='line_1_20' title="bbox 105 1944 1060 2032; baseline 0 -17"><span class='ocrx_word' id='word_1_127' title='bbox 105 1949 250 2015; x_wconf 88' lang='lat' dir='ltr'>laudabit</span> <span class='ocrx_word' id='word_1_128' title='bbox 277 1951 334 2013; x_wconf 89' lang='lat' dir='ltr'>aut</span> <span class='ocrx_word' id='word_1_129' title='bbox 360 1946 569 2032; x_wconf 83' lang='lat' dir='ltr'>vituperabit,</span> <span class='ocrx_word' id='word_1_130' title='bbox 600 1946 664 2012; x_wconf 90' lang='lat' dir='ltr'>nisi</span> <span class='ocrx_word' id='word_1_131' title='bbox 696 1944 751 2028; x_wconf 92' lang='lat' dir='ltr'>qui</span> <span class='ocrx_word' id='word_1_132' title='bbox 782 1944 946 2013; x_wconf 84' lang='lat' dir='ltr'>virtutum</span> <span class='ocrx_word' id='word_1_133' title='bbox 975 1950 1060 2015; x_wconf 86' lang='lat' dir='ltr'>vitio·</span> 
     </span>
     <span class='ocr_line' id='line_1_21' title="bbox 106 2032 1062 2122; baseline -0.002 -20"><span class='ocrx_word' id='word_1_134' title='bbox 106 2060 240 2122; x_wconf 89' lang='lat' dir='ltr'>rumque</span> <span class='ocrx_word' id='word_1_135' title='bbox 272 2040 435 2121; x_wconf 90' lang='lat' dir='ltr'>naturam,</span> <span class='ocrx_word' id='word_1_136' title='bbox 467 2057 506 2100; x_wconf 86' lang='lat' dir='ltr'>ex</span> <span class='ocrx_word' id='word_1_137' title='bbox 537 2034 699 2120; x_wconf 90' lang='lat' dir='ltr'>quibuso</span> <span class='ocrx_word' id='word_1_138' title='bbox 680 2032 784 2098; x_wconf 91' lang='lat' dir='ltr'>omnis</span> <span class='ocrx_word' id='word_1_139' title='bbox 816 2054 895 2097; x_wconf 86' lang='lat' dir='ltr'>vera</span> <span class='ocrx_word' id='word_1_140' title='bbox 928 2037 1004 2102; x_wconf 89' lang='lat' dir='ltr'>laus</span> <span class='ocrx_word' id='word_1_141' title='bbox 1034 2040 1062 2102; x_wconf 90' lang='lat' dir='ltr'>et</span> 
     </span>
     <span class='ocr_line' id='line_1_22' title="bbox 107 2121 1062 2209; baseline -0.002 -18"><span class='ocrx_word' id='word_1_142' title='bbox 107 2127 211 2191; x_wconf 89' lang='lat' dir='ltr'>omnis</span> <span class='ocrx_word' id='word_1_143' title='bbox 252 2125 445 2208; x_wconf 83' lang='lat' dir='ltr'>vituperatio</span> <span class='ocrx_word' id='word_1_144' title='bbox 486 2125 643 2209; x_wconf 87' lang='lat' dir='ltr'>nascitur,</span> <span class='ocrx_word' id='word_1_145' title='bbox 684 2121 855 2206; x_wconf 81' lang='lat' dir='ltr'>diligenter</span> <span class='ocrx_word' id='word_1_146' title='bbox 897 2126 1062 2209; x_wconf 85' lang='lat' dir='ltr'>cognitam</span> 
     </span>
     <span class='ocr_line' id='line_1_23' title="bbox 107 2209 1062 2294; baseline 0.001 -19"><span class='ocrx_word' id='word_1_147' title='bbox 107 2233 144 2275; x_wconf 90' lang='lat' dir='ltr'>ac</span> <span class='ocrx_word' id='word_1_148' title='bbox 179 2214 410 2294; x_wconf 87' lang='lat' dir='ltr'>pertractatam</span> <span class='ocrx_word' id='word_1_149' title='bbox 449 2211 620 2275; x_wconf 81' lang='lat' dir='ltr'>habuerit?</span> <span class='ocrx_word' id='word_1_150' title='bbox 671 2209 837 2286; x_wconf 83' lang='lat' dir='ltr'>Quomodo</span> <span class='ocrx_word' id='word_1_151' title='bbox 873 2215 998 2293; x_wconf 92' lang='lat' dir='ltr'>potens</span> <span class='ocrx_word' id='word_1_152' title='bbox 1034 2216 1062 2278; x_wconf 89' lang='grc'>11</span> 
     </span>
     <span class='ocr_line' id='line_1_24' title="bbox 107 2297 1062 2383; baseline 0.005 -21"><span class='ocrx_word' id='word_1_153' title='bbox 107 2298 260 2363; x_wconf 85' lang='lat' dir='ltr'>efficax</span> <span class='ocrx_word' id='word_1_154' title='bbox 251 2320 287 2362; x_wconf 92' lang='lat' dir='ltr'>m</span> <span class='ocrx_word' id='word_1_155' title='bbox 318 2299 481 2363; x_wconf 89' lang='lat' dir='ltr'>suadendo</span> <span class='ocrx_word' id='word_1_156' title='bbox 514 2303 571 2362; x_wconf 87' lang='lat' dir='ltr'>aut</span> <span class='ocrx_word' id='word_1_157' title='bbox 602 2297 815 2363; x_wconf 89' lang='lat' dir='ltr'>dissuadendo</span> <span class='ocrx_word' id='word_1_158' title='bbox 842 2297 894 2362; x_wconf 85' lang='lat' dir='ltr'>fut</span> <span class='ocrx_word' id='word_1_159' title='bbox 879 2300 977 2366; x_wconf 85' lang='lat' dir='ltr'>turus</span> <span class='ocrx_word' id='word_1_160' title='bbox 1009 2305 1062 2383; x_wconf 87' lang='lat' dir='ltr'>est,</span> 
     </span>
     <span class='ocr_line' id='line_1_25' title="bbox 108 2385 1061 2474; baseline 0.004 -24"><span class='ocrx_word' id='word_1_161' title='bbox 108 2387 163 2469; x_wconf 94' lang='lat' dir='ltr'>qui</span> <span class='ocrx_word' id='word_1_162' title='bbox 190 2407 271 2469; x_wconf 93' lang='lat' dir='ltr'>quae</span> <span class='ocrx_word' id='word_1_163' title='bbox 300 2385 439 2450; x_wconf 88' lang='lat' dir='ltr'>secundo</span> <span class='ocrx_word' id='word_1_164' title='bbox 465 2386 582 2449; x_wconf 92' lang='lat' dir='ltr'>horum</span> <span class='ocrx_word' id='word_1_165' title='bbox 610 2386 765 2450; x_wconf 90' lang='lat' dir='ltr'>librorum</span> <span class='ocrx_word' id='word_1_166' title='bbox 793 2385 831 2449; x_wconf 84' lang='lat' dir='ltr'>cle</span> <span class='ocrx_word' id='word_1_167' title='bbox 863 2387 939 2451; x_wconf 89' lang='lat' dir='ltr'>utili</span> <span class='ocrx_word' id='word_1_168' title='bbox 968 2392 1061 2474; x_wconf 84' lang='lat' dir='ltr'>atque</span> 
     </span>
     <span class='ocr_line' id='line_1_26' title="bbox 107 2472 1049 2564; baseline 0.004 -26"><span class='ocrx_word' id='word_1_169' title='bbox 107 2473 215 2538; x_wconf 92' lang='lat' dir='ltr'>inutili</span> <span class='ocrx_word' id='word_1_170' title='bbox 245 2473 430 2554; x_wconf 89' lang='lat' dir='ltr'>traduntur,</span> <span class='ocrx_word' id='word_1_171' title='bbox 461 2493 628 2555; x_wconf 90' lang='lat' dir='ltr'>nunquam</span> <span class='ocrx_word' id='word_1_172' title='bbox 660 2472 826 2538; x_wconf 81' lang='lat' dir='ltr'>didicerit?</span> <span class='ocrx_word' id='word_1_173' title='bbox 870 2472 1049 2564; x_wconf 82' lang='lat' dir='ltr'>Quidage</span> 
     </span>
    </p>

    <p class='ocr_par' dir='ltr' id='par_1_5' title="bbox 107 2480 1069 3350">
     <span class='ocr_line' id='line_1_27' title="bbox 107 2480 1064 2647; baseline 0.008 -23"><span class='ocrx_word' id='word_1_174' title='bbox 107 2562 143 2625; x_wconf 91' lang='lat' dir='ltr'>in</span> <span class='ocrx_word' id='word_1_175' title='bbox 164 2560 302 2644; x_wconf 89' lang='lat' dir='ltr'>iudiciis,</span> <span class='ocrx_word' id='word_1_176' title='bbox 330 2559 385 2643; x_wconf 92' lang='lat' dir='ltr'>qui</span> <span class='ocrx_word' id='word_1_177' title='bbox 411 2559 552 2624; x_wconf 89' lang='lat' dir='ltr'>iustitiae</span> <span class='ocrx_word' id='word_1_178' title='bbox 579 2560 818 2645; x_wconf 90' lang='lat' dir='ltr'>iniustitiaeque</span> <span class='ocrx_word' id='word_1_179' title='bbox 842 2480 1064 2647; x_wconf 77' lang='grc'>118111111111</span> 
     </span>
     <span class='ocr_line' id='line_1_28' title="bbox 109 2648 1063 2752; baseline 0.005 -38"><span class='ocrx_word' id='word_1_180' title='bbox 109 2672 126 2714; x_wconf 87' lang='grc'>1</span> <span class='ocrx_word' id='word_1_181' title='bbox 152 2648 420 2752; x_wconf 85' lang='lat' dir='ltr'>philosophorum</span> <span class='ocrx_word' id='word_1_182' title='bbox 446 2648 519 2714; x_wconf 91' lang='lat' dir='ltr'>font</span> <span class='ocrx_word' id='word_1_183' title='bbox 505 2649 592 2714; x_wconf 89' lang='lat' dir='ltr'>tibus</span> <span class='ocrx_word' id='word_1_184' title='bbox 618 2650 748 2715; x_wconf 91' lang='lat' dir='ltr'>haurire</span> <span class='ocrx_word' id='word_1_185' title='bbox 770 2650 974 2734; x_wconf 81' lang='lat' dir='ltr'>neglexerit?</span> <span class='ocrx_word' id='word_1_186' title='bbox 1011 2653 1063 2718; x_wconf 84' lang='lat' dir='ltr'>An</span> 
     </span>
     <span class='ocr_line' id='line_1_29' title="bbox 109 2739 1065 2825; baseline 0.004 -23"><span class='ocrx_word' id='word_1_187' title='bbox 109 2759 182 2825; x_wconf 87' lang='grc'>181,</span> <span class='ocrx_word' id='word_1_188' title='bbox 211 2739 237 2804; x_wconf 89' lang='grc'>11</span> <span class='ocrx_word' id='word_1_189' title='bbox 259 2743 427 2824; x_wconf 90' lang='lat' dir='ltr'>troporum</span> <span class='ocrx_word' id='word_1_190' title='bbox 450 2760 487 2804; x_wconf 88' lang='lat' dir='ltr'>ac</span> <span class='ocrx_word' id='word_1_191' title='bbox 515 2739 713 2804; x_wconf 82' lang='lat' dir='ltr'>schematum</span> <span class='ocrx_word' id='word_1_192' title='bbox 735 2739 880 2821; x_wconf 87' lang='lat' dir='ltr'>exempla</span> <span class='ocrx_word' id='word_1_193' title='bbox 901 2741 1065 2808; x_wconf 87' lang='lat' dir='ltr'>traderem</span> 
     </span>
     <span class='ocr_line' id='line_1_30' title="bbox 109 2826 1064 2914; baseline 0.004 -22.078"><span class='ocrx_word' id='word_1_194' title='bbox 109 2831 142 2892; x_wconf 90' lang='lat' dir='ltr'>et</span> <span class='ocrx_word' id='word_1_195' title='bbox 182 2829 323 2914; x_wconf 90' lang='lat' dir='ltr'>quotidie</span> <span class='ocrx_word' id='word_1_196' title='bbox 363 2829 419 2894; x_wconf 89' lang='lat' dir='ltr'>illa</span> <span class='ocrx_word' id='word_1_197' title='bbox 458 2828 754 2913; x_wconf 83' lang='lat' dir='ltr'>ludimagistrorum</span> <span class='ocrx_word' id='word_1_198' title='bbox 795 2826 917 2891; x_wconf 87' lang='lat' dir='ltr'>dictata</span> <span class='ocrx_word' id='word_1_199' title='bbox 955 2835 1064 2895; x_wconf 88' lang='grc'>111111-</span> 
     </span>
     <span class='ocr_line' id='line_1_31' title="bbox 109 2915 1065 3004; baseline 0.004 -24"><span class='ocrx_word' id='word_1_200' title='bbox 109 2938 190 3001; x_wconf 90' lang='lat' dir='ltr'>rem,</span> <span class='ocrx_word' id='word_1_201' title='bbox 223 2919 261 2981; x_wconf 93' lang='lat' dir='ltr'>de</span> <span class='ocrx_word' id='word_1_202' title='bbox 290 2918 432 3001; x_wconf 87' lang='lat' dir='ltr'>exordio,</span> <span class='ocrx_word' id='word_1_203' title='bbox 460 2916 499 2980; x_wconf 89' lang='lat' dir='ltr'>de</span> <span class='ocrx_word' id='word_1_204' title='bbox 527 2916 695 2997; x_wconf 88' lang='lat' dir='ltr'>divisione,</span> <span class='ocrx_word' id='word_1_205' title='bbox 723 2915 763 2979; x_wconf 92' lang='lat' dir='ltr'>de</span> <span class='ocrx_word' id='word_1_206' title='bbox 790 2916 995 3004; x_wconf 82' lang='lat' dir='ltr'>narratione,</span> <span class='ocrx_word' id='word_1_207' title='bbox 1027 2919 1065 2984; x_wconf 92' lang='lat' dir='ltr'>de</span> 
     </span>
     <span class='ocr_line' id='line_1_32' title="bbox 110 2968 1066 3087; baseline 0.008 -22"><span class='ocrx_word' id='word_1_208' title='bbox 110 2968 366 3087; x_wconf 87' lang='lat' dir='ltr'>confirmatione,</span> <span class='ocrx_word' id='word_1_209' title='bbox 403 3003 442 3068; x_wconf 92' lang='lat' dir='ltr'>de</span> <span class='ocrx_word' id='word_1_210' title='bbox 478 3003 619 3086; x_wconf 83' lang='lat' dir='ltr'>epilogo,</span> <span class='ocrx_word' id='word_1_211' title='bbox 656 3003 694 3066; x_wconf 86' lang='grc'>(11</span> <span class='ocrx_word' id='word_1_212' title='bbox 731 3002 902 3087; x_wconf 79' lang='lat' dir='ltr'>generibus</span> <span class='ocrx_word' id='word_1_213' title='bbox 936 2970 1066 3072; x_wconf 84' lang='grc'>1111111-</span> 
     </span>
     <span class='ocr_line' id='line_1_33' title="bbox 109 3089 1067 3174; baseline 0.013 -24"><span class='ocrx_word' id='word_1_214' title='bbox 109 3110 194 3170; x_wconf 94' lang='lat' dir='ltr'>rum,</span> <span class='ocrx_word' id='word_1_215' title='bbox 231 3091 269 3154; x_wconf 88' lang='lat' dir='ltr'>de</span> <span class='ocrx_word' id='word_1_216' title='bbox 302 3091 452 3173; x_wconf 87' lang='lat' dir='ltr'>statibus,</span> <span class='ocrx_word' id='word_1_217' title='bbox 489 3089 530 3153; x_wconf 90' lang='lat' dir='ltr'>ad</span> <span class='ocrx_word' id='word_1_218' title='bbox 566 3110 646 3172; x_wconf 87' lang='lat' dir='ltr'>quae</span> <span class='ocrx_word' id='word_1_219' title='bbox 677 3090 798 3174; x_wconf 92' lang='lat' dir='ltr'>puto</span> <span class='ocrx_word' id='word_1_220' title='bbox 789 3111 854 3154; x_wconf 88' lang='lat' dir='ltr'>ram</span> <span class='ocrx_word' id='word_1_221' title='bbox 886 3095 1067 3162; x_wconf 89' lang='lat' dir='ltr'>multorum</span> 
     </span>
     <span class='ocr_line' id='line_1_34' title="bbox 109 3176 1068 3268; baseline 0.01 -29"><span class='ocrx_word' id='word_1_222' title='bbox 109 3196 127 3239; x_wconf 92' lang='lat' dir='ltr'>e</span> <span class='ocrx_word' id='word_1_223' title='bbox 154 3176 246 3240; x_wconf 90' lang='lat' dir='ltr'>vobis</span> <span class='ocrx_word' id='word_1_224' title='bbox 273 3198 366 3242; x_wconf 87' lang='lat' dir='ltr'>aures</span> <span class='ocrx_word' id='word_1_225' title='bbox 394 3177 592 3260; x_wconf 88' lang='lat' dir='ltr'>occalluisse,</span> <span class='ocrx_word' id='word_1_226' title='bbox 623 3179 697 3261; x_wconf 89' lang='lat' dir='ltr'>plus</span> <span class='ocrx_word' id='word_1_227' title='bbox 723 3178 815 3243; x_wconf 82' lang='lat' dir='ltr'>vobis</span> <span class='ocrx_word' id='word_1_228' title='bbox 843 3177 884 3242; x_wconf 92' lang='lat' dir='ltr'>ad</span> <span class='ocrx_word' id='word_1_229' title='bbox 912 3181 1068 3268; x_wconf 89' lang='lat' dir='ltr'>eloquen-</span> 
     </span>
     <span class='ocr_line' id='line_1_35' title="bbox 109 3262 1069 3350; baseline 0.014 -22"><span class='ocrx_word' id='word_1_230' title='bbox 109 3262 189 3328; x_wconf 90' lang='lat' dir='ltr'>tiam</span> <span class='ocrx_word' id='word_1_231' title='bbox 224 3264 423 3350; x_wconf 88' lang='lat' dir='ltr'>prodessem,</span> <span class='ocrx_word' id='word_1_232' title='bbox 460 3285 557 3350; x_wconf 89' lang='lat' dir='ltr'>quarn</span> <span class='ocrx_word' id='word_1_233' title='bbox 588 3285 661 3330; x_wconf 90' lang='lat' dir='ltr'>cum</span> <span class='ocrx_word' id='word_1_234' title='bbox 692 3268 749 3331; x_wconf 85' lang='lat' dir='ltr'>aut</span> <span class='ocrx_word' id='word_1_235' title='bbox 734 3266 884 3330; x_wconf 85' lang='lat' dir='ltr'>tlibros</span> <span class='ocrx_word' id='word_1_236' title='bbox 915 3267 1069 3340; x_wconf 86' lang='lat' dir='ltr'>Platonis</span> 
     </span>
    </p>
   </div>
   <div class='ocr_carea' id='block_1_5' title="bbox 164 3455 488 3528">
    <p class='ocr_par' dir='ltr' id='par_1_6' title="bbox 164 3455 488 3528">
     <span class='ocr_line' id='line_1_36' title="bbox 164 3455 488 3528; baseline 0 -16"><span class='ocrx_word' id='word_1_237' title='bbox 164 3459 189 3523; x_wconf 72' lang='lat' dir='ltr'>*l</span> <span class='ocrx_word' id='word_1_238' title='bbox 208 3455 287 3512; x_wconf 87' lang='lat' dir='ltr'>Iliad.</span> <span class='ocrx_word' id='word_1_239' title='bbox 307 3456 352 3511; x_wconf 89' lang='lat' dir='ltr'>IX.</span> <span class='ocrx_word' id='word_1_240' title='bbox 371 3462 431 3512; x_wconf 81' lang='lat'>442.</span> <span class='ocrx_word' id='word_1_241' title='bbox 447 3475 488 3528; x_wconf 90' lang='lat' dir='ltr'>sq.</span> 
     </span>
    </p>
   </div>
   <div class='ocr_carea' id='block_1_6' title="bbox 0 0 1184 3824">
    <p class='ocr_par' dir='ltr' id='par_1_7' title="bbox 0 0 1184 3824">
     <span class='ocr_line' id='line_1_37' title="bbox 0 0 1184 3824; baseline 0 0"><span class='ocrx_word' id='word_1_242' title='bbox 0 0 1184 3824; x_wconf 95' lang='lat' dir='ltr'> </span> 
     </span>
    </p>
   </div>
  </div>
 </body>
</html>
