2332 3824
162 175 229 241 210
504 174 711 230 saluareio
730 80 815 231 lv..

162 320 283 405 cupiat,
306 319 362 405 qui
382 322 415 384 te
437 340 505 384 non
526 322 625 402 amet,
647 341 715 384 non
736 319 772 383 in
795 319 881 402 sinu,
904 341 975 386 non
998 322 1036 387 in
1054 344 1123 389 ocu·

161 409 202 474 lis
229 409 326 474 feratr
355 407 411 493 qui
432 429 500 472 non
528 411 561 472 et
588 409 689 491 optet,
717 410 750 471 et
773 411 952 492 augeretur
978 409 1064 496 fore,
1089 415 1124 476 ut

160 501 194 562 te
217 497 328 562 eodem
350 498 458 581 plane,
482 518 545 581 quo
569 517 646 560 avus
665 494 755 579 olim,
777 495 893 560 itinere
913 497 1122 584 gradientem,

161 585 276 650 iisdem
298 584 479 668 respublica
501 584 617 668 quibus
635 583 726 647 illum
743 586 917 666 prosecuta
937 588 1001 670 est,
1027 587 1122 653 hono·

161 674 250 738 ribus
277 674 498 757 prosequatur.
543 671 688 736 Primum
714 671 816 756 igitur
843 692 861 735 e
883 675 956 757 tuo,
984 677 1026 739 ut
1054 676 1123 759 dixi,

160 761 291 825 nomine
323 759 547 824 auctoritatem
579 760 661 825 libro
692 781 764 824 meo
798 781 953 845 quaerere
983 763 1123 849 aliquam

161 847 262 930 volui3
290 847 417 931 deinde,
445 870 518 914 oum
544 848 691 932 plurimis
713 848 1059 935 manifestissimoque
1080 852 1123 916 in·

161 935 264 1021 diciis,
287 958 339 1000 me
361 937 422 1001 tibi
443 959 511 1002 non
532 936 708 1021 vulgariter
729 957 841 1000 aarum
858 956 929 1001 esse
952 959 1124 1023 cognosce·

161 1046 243 1108 rem,
264 1025 352 1090 volui
374 1045 434 1110 ego
459 1046 584 1110 quoque
612 1023 755 1089 vicissim
782 1025 1046 1112 qualemcunque
1072 1050 1124 1111 po-

160 1115 265 1178 teram
283 1113 383 1178 animi
401 1133 478 1199 erga
495 1116 528 1177 te
546 1113 610 1177 mei
629 1111 898 1196 significationem
917 1113 1006 1181 dare.
1036 1115 1124 1182 Vale.

59 1227 61 1231 ·
161 1201 317 1266 Venetiis.
339 1200 379 1266 A.
403 1201 432 1266 d.
455 1218 500 1267 w.
523 1200 570 1266 Id.
594 1199 707 1266 Octob.
729 1219 852 1269 unm.

558 1359 696 1369 ——-—.

609 1479 666 1546 IV.

377 1621 421 1687 M.
443 1619 667 1686 ANTONIUS
690 1619 903 1688 MURETUS

618 1783 661 1823 AD

266 1906 435 1966 EUNDEM
456 1905 705 1967 LEONARDUM
727 1903 1017 1991 Mocmmcumr).

227 2058 436 2125 Admirabilis
465 2061 622 2145 quaedam
651 2083 688 2126 ac
719 2083 819 2145 prope
849 2061 958 2126 divina
987 2065 1038 2130 vis
1066 2070 1122 2149 est

160 2148 325 2214 Leonarde
348 2148 523 2232 Mocenice,
550 2149 691 2214 hominis
720 2149 912 2233 eloquentis,
939 2154 1122 2240 meritoque

161 2237 417 2318 sapientissimus
444 2241 541 2320 po'e'ta
568 2237 696 2320 scripsit
717 2236 901 2321 Euripides,
929 2239 1017 2305 nihil
1044 2264 1123 2326 esse,

161 2325 246 2407 quod
259 2323 357 2407 ferro,
376 2324 454 2408 quin
472 2326 557 2388 idem
576 2325 720 2389 oratione
735 2325 847 2390 confici
860 2326 974 2409 possit.
1000 2327 1122 2405 Quodsi

160 2432 303 2494 unquam
325 2413 427 2476 ullum
449 2414 576 2496 tempus
599 2413 674 2495 fuit,
702 2435 775 2477 oum
796 2413 830 2476 id
852 2414 1029 2482 manifesto
1051 2440 1121 2502 per·

161 2499 241 2582 spici
267 2503 388 2582 posset,
419 2502 489 2562 tum
516 2499 658 2582 profecto
689 2501 890 2583 apertissime
922 2501 1122 2570 declaratum

160 2590 222 2669 est,
249 2607 321 2650 eum
349 2587 518 2651 sceleratas
547 2585 704 2651 Catilinae
731 2589 766 2654 in
792 2589 932 2672 patriam
955 2593 1120 2658 maehina·

159 2675 264 2740 tiones
287 2673 472 2760 nefariaque
496 2675 630 2741 consilia
651 2675 752 2741 fretus
771 2677 973 2762 eloquentiae
996 2681 1119 2747 viribus

162 2763 273 2831 Cicero
297 2765 472 2851 dissipavit.
509 2765 558 2831 Ac
575 2765 655 2830 mihi
679 2765 807 2849 quidem
830 2785 1065 2849 saepenumero
1087 2770 1121 2834 in

162 2876 303 2920 summos
339 2854 500 2940 homines,
537 2877 617 2940 quos
648 2852 796 2918 Romana
827 2853 905 2917 olim
936 2857 1121 2938 respublica

160 2943 316 3022 plurimos
343 2944 490 3027 protulit,
516 2942 667 3024 intuenti,
701 2942 898 3025 aliorumque
930 2941 1020 3006 facta
1049 2966 1129 3009 eum*

161 3029 232 3091 aliis
257 3051 353 3112 quarn
375 3051 508 3112 possum
530 3029 767 3093 accuratissime
786 3029 963 3094 conferenti
986 3053 1119 3114 prorsus

160 3111 207 3173 ita
224 3115 362 3198 videtur,
384 3116 457 3196 plus
480 3115 537 3177 uni
558 3112 705 3179 Ciceroni
727 3118 840 3181 urbem
858 3116 998 3181 Romam
1023 3142 1120 3205 quam

161 3198 323 3282 omnibus,
352 3204 510 3283 quotquot
531 3199 646 3263 bellica
667 3203 785 3268 virtute
807 3205 887 3269 fines
914 3207 1121 3288 protulerunt

161 3286 300 3370 imperii,
332 3285 486 3350 debuisse.
531 3284 617 3350 Nam
648 3292 685 3354 ut
715 3291 752 3355 in
778 3292 965 3375 corporibus
997 3297 1120 3360 nostris

161 3429 241 3551 trs)
261 3422 401 3480 Praefatio
427 3423 470 3478 est
497 3426 691 3481 commentarii
713 3426 743 3482 in
766 3427 955 3484 catilinarium
977 3430 1120 3489 Ciceronis

175 3512 189 3551 e
218 3513 276 3551 ram
