2332 3824
98 196 164 264 106
484 195 620 257 ORAT10
639 155 673 253 r.

99 347 184 409 esset
210 363 310 428 eaque
337 342 484 426 vidisset,
512 363 593 425 quae
620 341 674 405 vix
695 340 820 406 homini
842 341 879 405 in
905 339 969 406 hac
990 340 1051 405 vita

98 433 206 498 videre
236 432 287 497 las
319 434 382 512 est,
413 450 455 495 ne
486 432 659 513 propterea
690 428 751 494 sibi
783 429 941 512 placeret,
977 449 1051 494 neve

98 521 318 603 insolesceret,
340 518 484 584 additum
504 518 565 582 sibi
584 538 653 582 esse
671 517 719 581 ait
736 517 889 601 angelum
910 515 1052 601 Satanae,

99 632 120 674 a
142 630 206 694 quo
229 608 321 693 quasi
343 605 488 690 colaphis
506 605 701 672 caederetur.
727 604 818 669 Haec
835 605 938 690 igitur
955 607 1053 689 prima

100 718 213 762 caussa
241 698 298 760 est.
333 691 460 775 Altera,
486 716 528 759 ne
555 693 652 759 ceteri
679 693 832 758 mortales
858 693 894 757 in
918 715 1052 759 errorem

99 785 284 867 trahantur,
307 783 401 847 etde
424 782 664 867 praestantibus
686 782 777 866 viris,
799 803 868 846 non
885 784 925 846 ut
947 783 987 847 de
1002 783 1053 847 ho-

99 872 254 954 minibus,
282 870 338 935 sed
364 874 402 936 nt
429 872 468 936 de
494 869 566 935 Diis
593 870 785 955 quibusdam
813 870 1055 935 existiment2a

100 960 190 1024 cuius
214 959 330 1024 erroris
352 959 495 1044 periculo
518 959 709 1042 liberantur,
733 980 806 1022 cum
828 957 902 1023 illos
920 979 1054 1044 magnos

101 1051 134 1114 et
156 1049 304 1134 egregios
331 1048 417 1118 viros
444 1047 547 1112 multa
573 1047 698 1132 perpeti
724 1047 849 1129 rident,
876 1068 960 1130 quae
987 1048 1055 1112 illos

101 1159 169 1203 non
195 1137 296 1222 Deos,
329 1136 385 1202 sed
417 1135 564 1200 homines
593 1156 663 1200 esse
695 1134 869 1199 declarant
914 1133 1002 1200 Nam
1031 1135 1056 1200 si

102 1227 157 1310 qui
184 1227 287 1289 multa
313 1224 398 1288 bella
425 1226 606 1308 gesserant,
633 1223 753 1288 multas
775 1224 872 1287 urbes
896 1244 1056 1309 expugna·

101 1315 228 1396 verant,
254 1311 358 1375 multa
379 1310 548 1375 hominum
570 1311 673 1375 millia
695 1310 893 1392 occiderant,
921 1311 1056 1396 antiqui·

100 1402 154 1465 tus
176 1400 212 1464 in
234 1398 377 1464 Deorum
400 1421 572 1464 numerum
594 1400 694 1465 stulta
716 1400 807 1485 vulgi
830 1398 985 1483 opinione
1012 1421 1057 1465 re·

100 1489 302 1572 ferebantur,
329 1487 406 1572 quid
428 1488 551 1572 putatis
579 1490 770 1554 eventurum
796 1487 897 1552 fuisse
923 1488 979 1570 iis,
1005 1488 1057 1573 qui

101 1578 214 1661 verbo,
243 1576 299 1660 qui
321 1579 417 1662 nutu,
445 1577 500 1660 qui
523 1579 687 1659 contactu,
715 1576 770 1659 qui
792 1575 908 1639 umbra
931 1598 991 1641 sua
1012 1577 1058 1642 fu·

102 1665 226 1749 gabant
253 1665 397 1749 morbos,
425 1664 545 1730 claudis
571 1664 746 1746 incessum,
774 1663 879 1728 surdis
906 1665 1059 1747 auditum,

102 1753 205 1819 caecis
241 1774 337 1817 usum
373 1754 539 1819 oculorum
573 1752 803 1835 restituebant,
843 1756 991 1817 mortuos
1026 1753 1059 1817 in

102 1842 204 1906 vitam
225 1842 435 1926 revocabant,
461 1841 525 1905 nisi
547 1841 663 1925 vulgus
690 1839 859 1905 hominum
881 1835 937 1906 eos
965 1842 1060 1925 ipsos,

102 1952 161 2014 per
189 1951 269 2015 quos
296 1932 365 1994 tam
391 1930 494 1994 multa
521 1928 723 1993 admirabilia
751 1949 849 2012 opera
882 1929 1061 1994 edebantur

104 2019 238 2103 esurire,
270 2018 374 2103 sitire,
404 2018 526 2103 algere,
557 2018 739 2101 aegrotare,
772 2015 875 2100 caedi,
908 2018 1061 2101 mutilari,

105 2108 309 2191 eiusdemque
329 2107 456 2191 generis
475 2106 539 2170 alia
556 2104 804 2170 innumerabilia
822 2105 967 2188 quotidie
991 2107 1061 2171 sub·

103 2196 150 2258 ire
179 2217 216 2259 ac
243 2194 384 2278 perferre
411 2192 566 2261 vidisset?
604 2192 657 2258 Sic
679 2214 806 2277 quoque
834 2194 982 2276 quamvis
1009 2216 1062 2260 vo·

105 2282 328 2365 ciferarentur,
346 2282 428 2345 nihil
447 2303 559 2347 eorum
577 2303 636 2345 sua
654 2282 772 2346 virtute
790 2281 874 2365 fieri,
898 2279 1062 2347 Christum

105 2389 188 2451 esse,
210 2368 266 2451 qui
288 2389 346 2450 per
368 2367 533 2433 doctrinae
547 2390 624 2433 suae
646 2390 822 2452 praecones
836 2391 875 2433 ea
887 2370 1063 2453 perficeret,

104 2457 158 2521 vix
174 2459 286 2518 tamen
303 2455 457 2538 impedire
475 2459 640 2539 poterant,
663 2477 704 2520 ne
724 2457 784 2520 sibi
804 2458 904 2522 divini
922 2458 1062 2524 honores

104 2542 308 2608 haberentur.
349 2542 402 2606 Ad
428 2541 566 2607 Paulum
593 2543 722 2626 quidem
750 2548 784 2610 et
810 2545 850 2609 ad
877 2544 1064 2611 Barnabam

105 2632 294 2715 Lystrenses
317 2631 491 2714 aliquando
515 2631 613 2695 etiam
634 2634 746 2698 tauros
770 2636 941 2699 coronatos
966 2636 1064 2700 addu·

105 2721 232 2803 serant,
256 2740 336 2803 quos
360 2719 406 2784 eis
422 2721 589 2804 tamquam
607 2720 678 2786 Diis
696 2721 862 2787 immolare
881 2723 1065 2806 cupiebant,

105 2808 169 2874 nisi
191 2808 225 2873 id
247 2808 310 2893 ipsi
333 2831 459 2875 summa
480 2810 513 2875 vi
534 2809 785 2894 prohibuissent.
818 2810 927 2874 Tertia
951 2833 1065 2878 caussa

107 2899 169 2982 est,
196 2900 234 2963 ut
261 2901 406 2983 potestas
428 2898 490 2964 Dei
516 2901 609 2963 tanto
637 2898 741 2984 magis
770 2897 982 2984 elucescat*),
1011 2898 1065 2984 qui

107 3008 166 3070 per
192 2987 340 3052 homines
362 2987 552 3070 imbecilles,
579 2987 700 3050 morbis
724 2986 894 3069 obnoxios,
922 2992 1066 3072 egentes,

108 3075 288 3138 carceribus
317 3077 350 3137 et
376 3074 547 3158 ergastulis
575 3073 714 3154 clausoS,
745 3075 881 3139 vinculis
914 3078 948 3139 et
981 3097 1066 3142 com·

107 3159 243 3243 pedibus
265 3160 450 3244 impeditos,
478 3159 601 3225 catenis
624 3165 758 3227 onustos
782 3183 820 3226 ea
846 3162 960 3247 faciat,
989 3186 1066 3248 quo·

108 3268 180 3312 rum
203 3248 460 3331 magnitudinem
482 3247 579 3311 ceteri
598 3269 709 3313 omnes
729 3249 969 3334 obstupescant.
1001 3251 1068 3317 Ita-

110 3356 171 3419 que
192 3333 313 3399 Paulus
335 3336 404 3419 ipse
427 3356 501 3398 cum
522 3334 627 3401 fessus
645 3337 739 3401 malis
762 3337 903 3422 quodam
920 3342 1068 3424 tempore

182 3528 208 3596 ¹¹³)
227 3524 330 3581 Elaceo
348 3524 480 3580 Latinum
498 3527 553 3593 est,
572 3543 629 3582 non
647 3527 771 3583 elucesco.
794 3527 906 3583 Ruhnk.
