2332 3824
98 187 160 252 168
450 184 587 242 ORATIO
604 185 693 240 XVIL

96 337 158 418 est,
180 335 218 398 ut
239 353 311 416 vos,
334 333 491 415 quantum
512 331 548 394 in
570 350 622 393 me
641 329 740 394 situm
758 334 822 412 est,
846 330 891 393 ad
911 331 1063 414 eloquen-

96 423 176 486 tiam
193 421 373 486 informem
400 418 499 482 Recte
518 419 628 481 autem
642 419 675 481 et
693 438 767 481 rere
787 416 922 482 dicebat
937 416 1062 502 Caesar,

97 511 256 574 delectum
291 508 462 573 verborum
497 527 566 570 esse
603 504 764 589 originem
806 505 1061 592 eloquentiae*).

96 597 249 680 Idemque
276 597 379 661 multo
407 599 483 659 ante
510 615 583 658 eum
610 590 866 678 Aristotelem)
896 593 1059 677 docuerat,

98 683 468 835 qttttdtssttt
483 680 988 842 {tttltttttttfflt
1001 683 1058 834 {Ei

97 795 216 923 11(tlraece
243 858 290 922 ita
316 858 420 942 loqui,
450 861 488 923 ut
514 856 617 922 oratio
644 856 728 920 nihil
755 787 951 942 bdrbarun’r,
984 821 1058 922 nihii

96 947 255 1031 insolens,
277 947 449 1012 absonum.
471 944 677 1030 peregrinum
699 944 834 1029 habeat,
858 947 919 1010 sed
944 951 978 1010 et
1001 947 1057 1011 sin-

98 1036 247 1120 gularum
274 1057 390 1101 vocum
421 1034 583 1118 elegantia
614 1036 648 1096 et
679 1053 791 1097 earum
824 1036 996 1099 structura
1026 1055 1057 1097 ae

99 1124 309 1189 collocatione
331 1125 443 1187 natam
466 1142 534 1186 esse
557 1142 591 1184 se
612 1120 649 1183 in
670 1120 777 1184 media
796 1119 939 1186 Graecia
958 1126 1056 1187 osten·

99 1212 163 1275 dat.
200 1211 262 1285 Qui
289 1231 366 1295 ergo
394 1209 512 1273 Latina
538 1209 650 1293 lingua
678 1210 868 1291 eloquentes
898 1232 972 1276 esse
1000 1231 1056 1273 me

99 1299 256 1380 ditantur,
291 1298 330 1361 iis
366 1297 429 1360 hoc
464 1297 604 1379 primurn
645 1296 882 1361 elaborandum
926 1302 990 1383 est,
1024 1301 1057 1360 ut

98 1383 227 1469 Latine,
250 1406 329 1469 pure
356 1386 390 1448 et
417 1405 514 1467 quam
540 1383 677 1448 maxime
705 1406 744 1448 ex
770 1387 923 1450 veterum
946 1387 1057 1451 Roma·

98 1496 215 1539 norum
255 1495 315 1537 usu
356 1494 393 1537 ac
434 1472 665 1538 consuetudine
710 1473 899 1556 loquantur.
953 1474 1057 1539 Nolite

99 1565 207 1625 autem
238 1565 353 1645 putare
384 1561 512 1625 laudem
543 1561 645 1642 illam,
681 1580 763 1642 quae
796 1562 893 1643 quasi
923 1564 1057 1627 sanitate

100 1652 132 1710 et
157 1649 346 1732 integritate
374 1670 411 1712 ao
438 1648 626 1712 castimonia
653 1645 762 1711 Latini
796 1652 962 1715 sermonis
990 1671 1057 1715 con·

99 1736 235 1820 tinctur,
258 1741 315 1801 aut
336 1758 468 1820 parvam
492 1740 548 1799 aut
569 1735 664 1798 facile
687 1735 868 1817 parabilem
892 1759 975 1803 esse.

167 1822 249 1890 Cum
275 1829 350 1908 post
375 1825 540 1888 restitutas
568 1845 587 1886 a
608 1821 753 1886 Medicea
778 1825 991 1908 potissimum
1016 1826 1057 1889 fa·

100 1913 190 1977 milia
216 1914 340 1977 litteras
367 1913 496 1976 infinita
523 1911 677 1994 quaedem
699 1910 748 1974 vis
772 1913 938 1978 exstiterit
960 1914 1057 1979 homi·

10 2049 13 2054 .
100 2023 180 2064 num
201 2001 237 2064 in
255 2001 343 2065 omni
366 2021 482 2084 genere
506 2000 715 2080 eruditorum,
738 2020 876 2082 cumque
897 2005 932 2066 et
950 2006 1058 2067 nostra

102 2091 135 2152 et
156 2093 286 2172 patrum
307 2089 463 2153 memoria
483 2087 631 2151 homines
655 2087 787 2150 summis
806 2087 953 2171 ingeniis
972 2111 1057 2175 prae-

102 2176 160 2239 diti
182 2181 251 2240 tam
273 2177 408 2240 multam
429 2177 465 2240 in
481 2175 595 2239 Latine
617 2174 769 2257 loquendi
792 2176 903 2242 studio
929 2199 1058 2262 operam

101 2264 281 2346 posuerint,
317 2268 354 2327 ut
389 2264 422 2327 id
457 2284 557 2346 prope
589 2284 689 2327 unum
722 2263 827 2344 operis
859 2263 986 2330 habere
1017 2267 1057 2328 vi·

102 2350 265 2413 derentur:
296 2351 482 2432 paucissimi
508 2354 633 2434 tamen,
666 2372 802 2433 quorum
829 2353 967 2437 scripta,
995 2375 1058 2417 non

102 2437 172 2500 dico
197 2438 352 2500 sermonis
375 2439 461 2501 vitiis
486 2441 628 2520 careant,
650 2459 727 2501 nam
749 2438 811 2502 hoc
834 2441 969 2521 quidem
991 2443 1058 2505 illo·

101 2545 174 2588 rum
200 2524 322 2587 nemini
349 2525 499 2606 contigit,
531 2524 587 2587 sed
619 2525 759 2608 aliquam
791 2527 908 2590 saltem
936 2530 1057 2613 priscae

101 2612 187 2675 illius
220 2614 253 2674 et
282 2611 412 2674 nativae
439 2610 625 2676 Latinitatis
657 2613 832 2698 imaginem
860 2618 1057 2697 contineant,

102 2699 301 2765 exstiterunt.
344 2697 392 2765 Ut
427 2697 540 2765 Graeci
575 2702 744 2785 proverbio
781 2702 905 2783 dicunt,
939 2707 1057 2769 multos

103 2811 185 2876 esse,
209 2791 265 2876 qui
285 2789 434 2875 thyrsum
459 2790 579 2874 ferant,
603 2791 659 2855 sed
680 2810 800 2873 paucos
823 2789 1058 2877 Bacchos***),

102 2881 150 2944 ita
176 2882 352 2946 multorum
378 2881 462 2944 falsa
494 2880 632 2963 quadam
658 2877 768 2941 Latini
800 2880 961 2944 sermonis
990 2902 1057 2964 spe·

103 2969 150 3031 eie
173 2969 306 3032 inducta
329 2972 361 3031 et
384 2968 484 3031 oblita
512 2968 613 3031 oratio
642 2969 704 3049 est,
731 2986 908 3050 paucorum
931 2967 1058 3033 Latina.

102 3053 176 3115 Duo
204 3056 240 3116 in
266 3054 362 3117 Italia
389 3053 505 3115 summi
535 3053 596 3114 viri
628 3053 723 3117 duces
755 3054 867 3116 ceteris
901 3055 944 3119 ad
975 3058 1058 3121 hanc

103 3137 230 3199 laudem
253 3139 482 3220 capessendam
504 3140 537 3199 et
564 3141 656 3220 quasi
683 3141 889 3224 antesignani
917 3143 1059 3226 fuerunt,

101 3220 238 3285 Iacobus
272 3223 440 3287 Sadoletus
473 3225 506 3285 et
536 3222 650 3291 Petrus
682 3227 836 3313 Bembus,
873 3231 930 3312 qui
963 3235 1057 3299 etiam

156 3432 182 3501 *)
201 3429 255 3485 Cic.
273 3429 350 3513 Brut¹
372 3435 413 3484 72.
433 3435 492 3512 253.
543 3432 584 3498 **)
603 3433 717 3490 Rhetor.
736 3437 783 3490 llI.
803 3441 827 3490 5.
878 3441 938 3509 W)
957 3438 1060 3497 Πολλοὶ

103 3501 156 3573 μὲν
174 3503 405 3570 caucaseaeque,
423 3518 527 3568 παυροι
546 3501 578 3556 δὲ
597 3520 627 3557 τε
647 3501 758 3574 Βάκχαι.
