2332 3824
99 162 141 228 58
475 160 612 218 oalrlo
630 160 678 217 VI.

97 308 187 373 ribus
210 328 335 372 summa
358 305 517 391 sapientia
538 304 675 390 praediti
697 304 846 371 homines
870 305 911 370 de
935 307 1055 372 iustitia

97 396 308 460 tradiderunt.

164 484 311 549 Iustitiae
344 483 503 568 originem
531 503 551 546 a
578 482 667 547 caelo
696 501 766 546 esse
794 481 963 566 dicebant3
994 483 1055 548 illic

99 594 171 637 eam
189 575 222 636 et
239 572 347 655 vigere
365 574 398 634 et
416 592 455 635 ex
473 570 563 636 omni
580 569 770 634 aeternitate
789 569 949 654 viguisse3
972 575 1054 636 certo

98 660 165 725 illic
183 659 295 724 ordine
309 661 405 742 atque
423 658 617 723 immutabili
635 658 774 742 quadam
790 657 864 742 lege
883 658 1056 743 gubernari

100 747 208 812 omnia
230 745 365 830 ideoque
393 749 526 811 aeterna
553 749 649 830 atque
676 745 874 809 immortalia
902 767 985 812 esse.
1020 746 1057 812 In

99 835 138 899 iis
171 837 292 919 autem,
324 855 406 919 quae
439 834 498 899 sub
527 834 639 900 orbem
664 834 761 899 lunae
794 833 942 898 subiecta
975 838 1057 920 sunt,

100 922 282 987 absolutam
299 922 428 1007 quidem
445 923 536 987 illam
554 925 587 987 et
605 921 693 987 omni
711 924 860 1005 exparte
878 923 1057 1005 perfectam

99 1011 258 1076 iustitiam
274 1011 428 1076 materiae
446 1011 525 1076 vitio
544 1011 632 1074 cerm
645 1032 713 1075 non
725 1030 834 1093 posse3
857 1031 928 1074 esse
948 1015 1058 1076 tamen

100 1100 241 1185 aliquam
270 1099 416 1164 coelestis
443 1099 530 1162 illius
557 1098 745 1183 imaginem,
774 1097 853 1163 alibi
879 1101 1057 1182 expressio·

99 1210 181 1270 rem,
204 1187 281 1252 alibi
303 1187 410 1250 minus
434 1206 630 1269 expressam3
651 1186 798 1250 futurum
820 1186 908 1249 enim
927 1187 1058 1274 alioqui,

99 1277 137 1338 ut
158 1273 427 1358 permiscerentur
453 1294 491 1338 ac
518 1277 705 1338 corruerent
732 1273 849 1338 omnia.
885 1272 1001 1358 Atque
1024 1281 1059 1342 ut

100 1382 244 1447 quaeque
257 1381 309 1425 res
322 1361 416 1445 plura
430 1364 463 1425 et
481 1361 618 1425 certiora
634 1361 721 1425 illius
739 1361 877 1445 vestigia
892 1363 1060 1449 retineret,

99 1451 147 1515 ita
173 1471 243 1514 esse
270 1470 343 1514 eam
364 1449 601 1535 perfectiorem,
629 1450 840 1533 stabiliorem,
866 1450 1059 1517 immortali·

99 1538 161 1601 tati
191 1538 392 1622 viciniorem,
423 1541 461 1602 ut
491 1539 644 1622 pauciora
675 1537 845 1620 minusque
877 1542 980 1624 certa,
1013 1541 1061 1605 ita

99 1625 1060 1798 &ariditatisqlzlltlttblffilltl

99 1802 217 1867 mentis
243 1802 307 1868 hoc
332 1803 473 1887 primum
498 1802 606 1868 notari
627 1801 793 1885 volebant,
821 1822 923 1885 eaque
952 1803 1058 1889 dupli·

100 1892 179 1956 citer
201 1891 461 1974 considerabant,
485 1893 642 1974 quatenus
670 1889 921 1973 unumquodque
944 1912 1058 1958 eorum

98 1983 205 2045 totum
228 1980 380 2064 quiddam
403 1983 499 2064 atque
521 1979 684 2064 integrum
698 1981 761 2061 est,
783 1981 817 2042 et
839 1981 1002 2060 quatenus
1017 1982 1059 2046 ad

100 2069 366 2152 compositionem
401 2068 555 2152 quasique
587 2066 901 2152 coagmentationem
934 2071 1059 2136 cetero-

98 2178 171 2220 rum
194 2178 365 2240 corporum
386 2157 563 2240 particulae
587 2156 744 2239 quaedam
769 2154 899 2218 illorum
927 2157 1060 2223 assidue

99 2242 332 2328 permiscentur
355 2264 393 2307 ac
414 2247 644 2327 temperantur.
680 2243 764 2307 Tota
790 2242 891 2327 igitur
917 2243 1060 2310 elemen-

98 2334 134 2394 ta
155 2328 220 2393 nisi
242 2328 333 2393 sedes
356 2349 394 2393 ac
415 2331 565 2415 regiones
588 2330 650 2394 sibi
672 2351 693 2394 a
714 2333 832 2394 natura
850 2330 943 2394 datas
957 2335 1059 2418 atque

100 2417 273 2482 attributas
288 2416 469 2501 obtineant,
489 2417 516 2481 si
533 2418 654 2480 irruere
672 2417 708 2481 in
726 2417 849 2482 alienas
867 2420 901 2482 et
913 2419 1059 2504 migrare

99 2506 269 2588 conentur,
292 2504 320 2568 si
341 2503 428 2589 ignis
450 2504 593 2588 proxime
622 2504 683 2569 sibi
710 2506 911 2590 suppositam
933 2508 1061 2575 anima·

99 2595 163 2694 lem
190 2592 436 2676 spirabilemque
465 2595 617 2694 naturam
648 2592 801 2695 depascat
832 2598 865 2659 et
896 2595 1060 2697 absumat,

98 2701 343 2852 solitas
366 2683 1062 2858 lsssslztldtlztltcsr⁰ltssi

98 2857 242 2941 peritura
264 2859 412 2924 funditus
436 2861 545 2926 omnia
567 2863 600 2925 et
621 2860 722 2924 talem
749 2857 911 2943 quandam
939 2860 1056 2925 confu-

99 2945 236 3031 sionem,
259 2948 387 3031 qualem
409 2952 524 3031 poetae
547 2951 623 3012 ante
647 2948 758 3012 orbem
772 2947 936 3012 conditum
954 2945 1060 3013 fuisse

98 3031 240 3119 fingunt,
263 3034 529 3099 consecuturam?
552 3034 635 3108 Quid
657 3055 730 3098 cum
752 3038 861 3120 partes
874 3056 985 3099 eorum
1004 3057 1059 3101 co·

98 3118 204 3201 pulari
230 3141 269 3184 ac
297 3122 474 3185 coalescere
502 3120 543 3184 ad
570 3121 635 3184 alia
668 3142 804 3205 corpora
830 3123 1058 3206 progignenda

99 3207 132 3268 et
150 3207 376 3273 constituenda
394 3209 534 3292 oportet,
552 3228 662 3271 nonne
680 3209 804 3272 iustitia
823 3209 962 3292 quadam
976 3213 1056 3274 tem·

99 3292 277 3378 perationis
303 3295 391 3360 illius
419 3294 630 3360 moderatrice
659 3317 740 3380 opus
768 3299 831 3381 est,
850 3300 900 3360 ut
925 3300 1057 3362 tantum

100 3382 252 3465 cuiusque
275 3404 334 3466 pro
357 3386 430 3447 rata
452 3382 615 3467 portione,
638 3386 796 3467 quantum
818 3384 897 3447 satis
916 3388 979 3468 est,
1002 3387 1057 3451 ad·

99 3469 294 3536 misceatur?
325 3468 365 3534 In
382 3471 440 3535 illa
458 3469 556 3535 etiam
575 3471 810 3554 quadripartita
826 3474 1058 3555 tempestatum
