2332 3824
153 200 216 268 188
514 196 652 256 ORATIO
670 198 745 256 XIX.

150 347 187 413 in
215 346 413 412 crassissima
438 365 546 410 rerum
571 343 779 428 ignoratione
804 348 974 429 perpetuo
1003 349 1121 415 versari

152 457 220 521 eos,
252 435 308 519 qui
338 433 498 520 praesidio
528 432 743 515 interpretum
774 430 866 516 freti,
906 431 1058 501 Graecae
1087 458 1120 502 ac

152 525 289 590 Latinae
310 524 443 607 linguae
465 520 573 586 studia
594 519 780 604 negligunt3
808 519 976 606 simulque
1001 525 1118 589 indica

151 616 275 697 turum,
302 610 419 694 quibus
445 609 481 673 in
507 609 603 674 rebus
630 628 650 671 e
676 607 841 691 plerisque
869 609 908 672 in
935 613 1117 679 studiorum

153 721 268 764 caussa
293 700 457 782 peccetur,
490 716 633 781 quaeque
659 714 755 760 verae
783 716 921 761 caussas
950 699 1036 786 sint,
1067 720 1117 766 cur

153 792 242 852 aetas
263 789 377 850 nostra
398 788 568 869 tantopere
591 782 753 848 veteribus
776 783 880 848 cedat.

218 873 301 958 Vos,
316 873 492 957 auditores,
511 872 641 956 efficite,
652 890 695 935 ne
709 871 803 936 robis
816 871 909 956 prior
920 874 984 939 illa
999 897 1114 960 cauma,

153 984 251 1046 quam
273 962 352 1046 dixi,
373 961 514 1046 torporis
538 981 575 1024 ac
597 957 817 1044 negligentiae
835 964 966 1026 noceat.
997 963 1112 1031 Afferte

152 1051 217 1116 huo
235 1072 378 1116 amorem
401 1049 580 1132 doctrinae,
603 1047 713 1111 afferte
733 1047 941 1132 diligentiam
960 1055 998 1116 et
1018 1057 1112 1118 atten-

152 1141 289 1223 tionem,
308 1159 382 1224 ego,
400 1140 438 1202 ut
456 1137 598 1221 quotidie
616 1134 708 1200 vobis
726 1156 778 1200 res
795 1137 984 1203 attentione
1002 1141 1112 1227 dignae

154 1228 276 1291 affatim
295 1229 486 1308 suppetant,
501 1224 685 1309 providebo.
715 1222 818 1307 quue
832 1245 871 1289 co
886 1227 1014 1314 magis,
1036 1228 1112 1314 quod

152 1315 188 1377 in
223 1313 275 1376 his
306 1311 497 1376 Ethicorum
533 1311 624 1377 libris
655 1315 785 1376 tantum
820 1333 926 1397 usque
965 1337 987 1378 a
1020 1338 1113 1401 puero

153 1399 252 1466 studii
278 1400 385 1485 posui,
416 1404 467 1484 ut,
497 1400 562 1464 nisi
589 1400 710 1484 aliquid
736 1401 982 1484 exspectatione
1013 1409 1113 1470 vestra

153 1490 288 1574 dignum
319 1488 523 1575 praestitero,
558 1509 706 1553 recusare
741 1509 810 1553 non
847 1488 1003 1577 debeam,
1043 1494 1113 1578 quin

152 1577 248 1641 huius
271 1577 334 1642 loci
357 1577 567 1662 amplitudine
589 1598 704 1661 parum
731 1576 849 1662 dignus
877 1576 1015 1646 habear.
1053 1581 1113 1647 Vos

153 1685 243 1748 vero,
271 1665 468 1730 ornatissimi
494 1665 568 1750 viri,
595 1665 766 1750 ignoscite,
793 1665 835 1749 si,
863 1667 953 1749 quod
979 1689 1000 1732 a
1028 1669 1137 1736 vobis·

151 1756 222 1818 tam
243 1753 384 1838 benigne
408 1753 534 1817 auditus
557 1754 632 1838 sim,
657 1773 700 1816 ne
721 1752 845 1837 gratias
868 1754 1006 1836 quidem
1028 1757 1113 1823 vobis

153 1843 296 1928 agendas
313 1845 433 1925 putem.
463 1840 551 1906 Nam
568 1841 633 1906 sive
653 1841 756 1905 oratio
774 1861 848 1906 mea
861 1842 963 1907 'vobis
982 1846 1114 1910 molesta

152 1930 229 2015 fuit,
252 1952 289 1995 co
308 1929 474 1994 molestior
496 1930 570 2013 erit,
593 1951 656 2014 quo
676 1950 747 1993 eam
764 1928 897 2014 longius
915 1936 1113 2017 protraxere,

153 2019 234 2103 sive,
262 2017 348 2103 quod
374 2018 478 2102 magle
502 2019 595 2100 cupio
624 2039 721 2102 quam
748 2038 857 2101 spero,
883 2017 1047 2106 iucunda,
1073 2021 1113 2086 vi·

154 2106 231 2172 deor
257 2107 323 2172 iam
349 2106 442 2172 robis
469 2107 608 2191 gratiam
635 2106 743 2189 aliqua
769 2126 808 2169 ex
834 2109 929 2189 parte
957 2111 1112 2176 retulisse.

152 2459 205 2518 DE
227 2457 299 2516 VIA
320 2458 373 2518 AO
396 2459 573 2519 RATIONE
601 2459 905 2521 TRADENDARUM
932 2462 1113 2527 DISCIPLI-

557 2561 709 2625 NARUM.

452 2715 663 2823 ORATIO
696 2718 810 2802 XIX.

219 2897 368 2984 Plerique
382 2919 505 2981 eorum
529 2896 584 2982 qui
598 2894 770 2979 quotannis
789 2913 829 2957 ex
848 2893 911 2958 hoc
928 2893 1004 2962 loco
1017 2901 1115 2965 verbe

152 2985 288 3068 faciunt,
317 2985 446 3050 laudare
473 2986 597 3048 litteras
620 2986 654 3046 et
674 2984 830 3067 ingenuas
853 2985 953 3066 artes,
983 3007 1114 3072 vosque,

152 3071 370 3135 adolescentes
399 3071 525 3152 optimi,
551 3067 593 3130 ad
620 3088 674 3132 eas
704 3073 774 3134 toto
801 3073 930 3152 pectore
957 3076 1114 3140 amandas

152 3174 190 3217 ac
217 3157 365 3219 colendas
393 3155 554 3220 exhortari
583 3156 680 3237 atque
707 3157 840 3222 incitare
868 3167 1114 3227 consueverunt

153 3239 296 3316 Quorum
327 3262 388 3326 ego
418 3261 522 3324 neque
555 3242 724 3307 consilium
759 3245 971 3329 reprehendo,
1008 3271 1113 3335 neque

152 3333 262 3396 tamen
280 3330 390 3392 omnia
411 3328 446 3391 in
468 3348 506 3391 eo
529 3328 636 3411 posita
655 3352 724 3395 esse
743 3352 866 3398 censeo.
902 3332 988 3398 Nam
1012 3341 1064 3421 ut,
1087 3338 1114 3402 si

82 3433 87 3441 ⁴
154 3419 225 3506 quis
250 3418 353 3481 bonae
376 3415 567 3480 valetudinis
590 3419 758 3484 commoda
780 3424 920 3503 exponat
942 3442 1045 3507 caque
1068 3425 1113 3489 di-

154 3507 255 3572 cendo
278 3503 449 3589 amplificet
471 3507 567 3588 atque
590 3510 774 3590 exaggeret,
801 3508 897 3572 etad
924 3529 995 3574 eam
1025 3513 1114 3578 omni
