2332 3824
99 164 162 228 176
452 162 589 220 ORATIO
606 162 694 218 XVII.

99 310 184 374 falsa
205 310 355 393 fortasse,
378 344 417 354 -
441 329 546 392 neque
570 307 656 371 enirn
678 305 819 390 impedio
846 343 886 355 —
913 309 974 372 sed
999 312 1069 394 opi-

99 399 154 463 nio
182 401 292 462 tamen
320 396 361 460 ad
389 396 529 479 aliquam
556 416 607 459 me
634 394 783 479 prorexit
812 394 992 461 hominum
1018 399 1067 462 fa·

98 508 199 571 mam,
226 485 391 570 quippiam
418 484 584 548 detrahere
611 482 744 548 viderer.
782 479 845 546 Sed
872 485 991 550 vincat
1012 509 1065 551 ve-

99 574 193 659 ritas,
239 595 320 657 quae
361 572 432 636 aliis
474 571 622 637 omnibus
661 571 758 635 rebus
799 573 1063 655 praeponderare

99 662 207 745 debet,
229 661 418 745 praesertim
440 680 513 724 curn
535 660 574 724 de
596 658 772 724 commodis
793 661 912 724 vestris
936 666 1062 747 agatur.

98 749 217 832 Hodie,
256 748 489 833 adolescentes,
530 748 558 812 si
597 768 709 812 verum
750 767 913 831 amamus,
957 751 1060 814 omnis

98 857 199 921 prope
230 857 308 900 usus
340 836 555 919 eloquentiae,
590 837 818 919 praeterquam
848 836 886 899 in
920 839 1059 902 scriben-

99 924 148 989 dis
180 923 338 1008 epistolis,
369 925 416 987 ita
447 924 486 989 de
517 923 623 988 medio
655 923 801 987 sublatus
834 925 899 1007 est,
932 929 972 990 ut
1003 947 1058 990 nec

98 1011 173 1076 vola
203 1033 263 1077 nec
295 1012 467 1097 vestigium
503 1013 665 1096 appareat.
709 1009 953 1076 Dominabatur
986 1014 1058 1078 olim

98 1101 134 1165 in
160 1101 299 1186 iudiciis,
325 1101 484 1185 regnabat
509 1101 545 1163 in
572 1098 878 1182 consultationibus
909 1101 1058 1166 vincebat

99 1189 167 1254 fere
195 1211 233 1253 ea
256 1210 382 1271 caussa,
409 1209 492 1272 quae
520 1186 772 1271 eloquentiorem
798 1190 980 1270 patronum
1006 1212 1058 1254 na·

100 1280 152 1339 cta
175 1279 251 1340 erat.

259 1376 314 1433 Sed
332 1377 397 1431 boec
410 1377 494 1444 prius
512 1377 602 1444 fcere:
620 1392 694 1432 uuae
712 1377 853 1432 recondito

180 1455 186 1465 '
259 1449 302 1517 (ut
321 1447 355 1502 dc
373 1447 489 1518 phaselo
509 1447 550 1502 ait
569 1447 725 1516 Catullus*)

260 1519 341 1574 Senot
359 1520 453 1589 quiete.

98 1626 235 1713 Iudicia,
261 1628 384 1693 Romae
413 1629 540 1711 saltem,
570 1626 618 1690 ita
649 1628 850 1709 exercentur,
882 1631 922 1692 ut
955 1630 991 1693 in
1017 1629 1057 1693 eis

99 1715 208 1780 nullus
243 1715 340 1800 plane
376 1716 466 1781 locus
502 1715 702 1797 eloquentiae
735 1714 785 1776 sit.
829 1711 872 1778 In
905 1716 1057 1782 delibera·

100 1805 244 1870 tionibus
272 1804 312 1869 de
338 1803 466 1888 magnis
494 1806 527 1867 et
554 1802 644 1866 seriis
671 1801 780 1884 rebus,
812 1801 892 1884 quid
926 1807 1057 1889 quisquc

101 1893 201 1977 dicat,
231 1914 300 1958 non
331 1914 429 1975 quarn
455 1893 567 1992 ornate
599 1890 697 1991 dicat,
729 1890 920 1955 attenditur.
963 1893 1058 1958 Recte

30 2125 32 2129 ,
100 1979 1060 2152 tifnlufqhtglfmulltinlitt-‘litulfum

100 2157 236 2221 materia
272 2159 329 2221 est.
374 2156 585 2240 Eloquentia,
621 2153 713 2237 quasi
749 2154 864 2218 aetatis
903 2156 1059 2222 beneficio

100 2245 338 2308 immunitatem
365 2247 550 2328 consecuta,
580 2243 669 2306 iussa
695 2244 745 2305 est
772 2241 937 2308 oblectare
967 2268 1003 2311 se
1029 2247 1061 2310 in

100 2330 152 2394 his
184 2332 304 2395 nostris
336 2331 535 2396 scholasticis
577 2351 614 2394 ac
650 2330 881 2414 pulverulentis
918 2333 1061 2418 disputa·

100 2418 258 2501 tionibus,
284 2419 320 2482 in
347 2419 445 2483 sacris
474 2418 695 2500 concionibus,
724 2439 805 2501 quae
833 2418 874 2481 ad
902 2424 1061 2506 populum

100 2505 273 2587 habentur,
314 2507 347 2568 et
381 2505 543 2569 interdurn
578 2505 613 2566 in
650 2506 938 2592 gratulationibus,
981 2532 1062 2594 quae

101 2594 185 2658 fiunt
195 2593 236 2656 ad
245 2591 416 2676 principes
430 2593 535 2656 autin
549 2612 659 2655 eorum
673 2593 841 2658 funeribus
855 2599 1062 2662 exornandis.

101 2681 154 2746 Ita
186 2702 224 2745 ex
255 2679 318 2744 illis
354 2679 459 2746 tribus
490 2678 694 2746 Aristoteleis
727 2681 853 2745 dicendi
886 2687 1062 2767 generibus

102 2772 208 2837 solum
234 2768 440 2857 epidicticon,
468 2771 554 2856 quod
581 2770 659 2835 olim
686 2768 811 2833 minimi
837 2771 935 2854 pretii
964 2773 1062 2840 habe·

102 2860 211 2945 batur,
241 2861 278 2925 in
309 2882 371 2925 usu
403 2861 550 2925 relictum
578 2863 634 2923 est.
674 2856 798 2921 Mansit
828 2861 941 2923 tamen
973 2863 1064 2946 illud,

102 2951 140 3011 ut
172 2949 226 3031 qui
257 2949 353 3031 bene,
384 2949 417 3012 id
445 2953 507 3031 est,
532 2950 603 3012 tum
630 2946 759 3029 diserte,
785 2949 856 3009 tum
883 2949 1065 3029 prudenter

103 3037 136 3095 et
159 3036 199 3096 ad
222 3057 286 3118 res,
314 3036 354 3098 ad
381 3055 549 3117 personas,
577 3033 618 3096 ad
644 3038 792 3117 tempora
818 3039 1063 3103 accommodate

103 3119 273 3199 epistolam
292 3122 449 3203 scribunt,
471 3119 622 3184 facillime
643 3123 683 3185 ad
705 3122 853 3186 intimam
875 3124 1064 3210 principum

102 3203 355 3271 familiaritatem
382 3207 573 3289 perveniant
600 3210 632 3271 ct
655 3210 696 3273 ad
718 3210 931 3276 maximarum
953 3235 1065 3280 rerum

103 3290 331 3358 tractationem
358 3292 586 3379 adhibeantur,
612 3297 759 3362 maximis
786 3298 979 3384 plerumque
1007 3304 1065 3368 ho·

160 3488 185 3555 *)
205 3483 294 3540 Germ.
314 3479 338 3540 4‘.
358 3491 400 3539 25.
