2332 3824
127 187 189 253 ΗΒ
487 184 715 242 efflffwxw.

125 337 196 399 tum
219 332 378 416 obtinere,
401 351 511 396 curam
534 333 642 395 autem
665 331 698 393 et
719 327 916 393 industriam
936 329 1098 414 subsequi

127 423 218 506 eique
251 420 343 505 quasi
377 418 533 484 famulari
559 418 717 482 viderent:
753 415 840 500 quod
876 417 1099 502 praecipuum

128 496 225 593 esset,
251 509 285 573 id
312 509 416 573 solum
450 527 521 571 esse
548 505 705 570 dixerunt
740 502 827 569 Nam
855 505 944 588 quod
973 507 1097 570 summi

127 601 242 682 poetae
268 597 413 678 fuerunt,
441 597 614 678 antequam
637 593 806 677 quisquam
829 592 976 675 poetices
1000 616 1096 678 prae·

129 688 222 769 cepta
247 683 400 765 traderet,
430 682 517 746 idem
542 682 579 745 in
605 681 786 746 oratoribus
814 679 878 744 dici
903 683 1035 764 potest:
1069 683 1095 746 si

129 772 270 856 quidem,
291 774 329 834 ut
347 770 427 834 alios
446 770 608 853 omittam,
629 769 683 833 ille
706 769 788 852 ipse,
811 789 875 851 quo
894 789 995 834 nemo
1015 774 1094 854 post

127 859 275 924 homines
289 861 384 923 natos
398 858 601 942 eloquentior
613 857 689 940 fuit,
702 855 955 941 Demosthenes,
975 880 1092 923 omnes

129 946 330 1030 eloquentiae
361 968 513 1012 numeros
545 948 641 1010 antea
675 945 878 1028 impleverat,
914 966 1019 1028 quam
1052 947 1092 1010 ab

129 1034 318 1121 Aristotele,
346 1035 402 1119 qui
423 1034 545 1119 primus
568 1036 605 1097 ut
627 1033 827 1115 dialecticen,
853 1032 902 1096 ita
925 1036 961 1096 et
983 1033 1092 1098 rheto-

129 1125 219 1189 ricen
245 1125 286 1188 ad
314 1124 392 1188 artis
418 1122 557 1187 formam
589 1121 726 1205 redegit,
752 1120 828 1183 libri
855 1119 896 1184 ad
925 1141 1001 1184 eam
1023 1143 1091 1186 rem

130 1213 328 1296 pertinentes
346 1210 631 1275 conscriberentur.
664 1207 726 1273 Sed
745 1210 778 1272 et
795 1208 967 1272 emendate
980 1210 1090 1293 loque-

130 1300 249 1362 bantur
270 1298 430 1380 homines,
453 1300 626 1380 antequam
649 1296 851 1382 grammatici
868 1301 1090 1380 nascerentur,

130 1406 234 1470 neque
257 1405 296 1448 ex
318 1385 448 1450 illorum
469 1385 649 1468 praeceptis
673 1384 840 1448 emendate
861 1384 1021 1467 loquendi
1043 1385 1089 1448 fa·

132 1474 249 1558 cultas,
276 1474 332 1538 sed
358 1473 430 1557 ipsa
456 1473 564 1556 potius
592 1475 763 1556 praecepta
791 1492 829 1535 ex
861 1471 1089 1538 observatione

132 1582 256 1646 eorum,
278 1562 334 1646 qui
346 1562 428 1626 bene
441 1561 661 1644 loquerentur,
685 1563 780 1624 enata
799 1562 888 1642 sunt3
912 1560 1088 1643 quomodo

131 1646 1088 1732 fflmmffifflmfflmmeQfflffmfflm

131 1737 261 1821 regulas
301 1738 452 1802 extitisse.
496 1734 609 1819 Neque
650 1736 782 1800 omnino
823 1734 1001 1819 quidquam
1041 1739 1088 1800 est

134 1825 221 1891 aliud
244 1848 310 1911 ars,
337 1847 434 1910 quam
460 1824 598 1888 imitatio
627 1823 785 1908 quaedam
807 1825 958 1907 naturae3
986 1846 1088 1909 neque

132 1914 201 1978 ulla
223 1918 273 1979 est
294 1935 360 1998 ars,
382 1913 472 1978 cuius
494 1933 562 1977 non
579 1911 702 1976 semina
721 1932 758 1976 ac
775 1910 936 1995 principia
953 1915 1088 1978 naturae

135 2002 320 2067 debeantur.

202 2089 253 2156 Sic
271 2091 371 2175 igitur
389 2086 477 2154 a'me
495 2089 635 2173 primum
652 2088 732 2152 illud
752 2092 849 2172 eaput
863 2108 990 2173 eorum,
1009 2109 1088 2172 quae

134 2200 378 2263 proposueram,
415 2178 607 2261 explicatum
639 2177 694 2259 sit,
725 2179 763 2239 ut
793 2176 954 2259 po‘e'tiaam
986 2197 1089 2261 neque

134 2268 291 2349 impetum
318 2265 478 2348 quendam
506 2265 605 2328 animi
632 2266 751 2327 temere
774 2265 843 2328 sine
865 2264 940 2328 ullis
963 2265 1088 2351 legibus

135 2352 284 2435 vagantis
299 2373 368 2415 esse
387 2355 580 2434 statuamus,
599 2372 702 2434 neque
715 2373 826 2417 rursus
845 2354 950 2416 totam
963 2374 1089 2437 praece·

135 2440 199 2524 ptis
219 2439 394 2523 adligatam
413 2442 446 2502 et
463 2439 649 2502 adstrictam
666 2440 788 2522 teneri,
807 2439 863 2504 sed
881 2443 914 2503 et
932 2461 1089 2524 generoso

136 2526 275 2610 quodam
297 2525 442 2610 ingenio,
464 2529 534 2590 tum
553 2525 593 2588 ad
612 2525 837 2608 concipiendas
856 2527 966 2592 animo
985 2550 1090 2595 rerum

135 2614 307 2698 imagines,
333 2616 403 2676 tum
431 2612 472 2676 ad
500 2634 550 2695 ea,
578 2633 659 2696 quae
686 2615 881 2700 conceperit,
914 2617 1090 2701 grandibus

134 2702 242 2770 verbis
272 2703 305 2766 et
326 2701 457 2766 minime
484 2701 611 2788 vulgari
637 2701 764 2766 dicendi
791 2723 907 2788 genere
930 2703 1091 2769 efferenda

136 2792 265 2879 egregie
287 2791 389 2877 facto,
411 2794 444 2856 et
462 2794 628 2876 praeterea
650 2790 798 2875 diligenti
816 2813 893 2856 cura
916 2794 1014 2874 atque
1038 2793 1091 2857 ob-

137 2881 318 2947 servatione
340 2884 585 2966 praeceptorum
608 2879 809 2964 quorundam
827 2878 996 2944 contineri.
1026 2879 1093 2944 An·

136 2970 270 3052 tiquitas
297 2970 398 3053 ipsius
425 2969 476 3035 vel
499 2990 517 3032 e
540 2967 702 3032 Ciceronis
728 2967 913 3032 testimonio
942 2968 1094 3032 omnibus

137 3059 216 3117 nota
239 3059 300 3139 est,
328 3057 383 3138 qui
406 3076 424 3118 e
447 3055 548 3118 doctis
572 3053 830 3136 antiquissimum
852 3076 921 3119 esse
944 3056 992 3119 ait
1019 3061 1095 3140 pot·

137 3141 245 3202 tarum
272 3138 422 3226 genus*).
462 3139 532 3204 Nos
560 3142 644 3202 certe
671 3140 828 3226 Homero,
859 3164 955 3226 quem
982 3147 1096 3208 tamen

137 3224 231 3288 multi
253 3229 368 3308 poetae
391 3229 642 3308 antecesserant,
669 3231 795 3293 nullum
821 3230 996 3313 profanum
1019 3232 1096 3297 sori·

138 3315 264 3399 ptorem
295 3313 502 3377 vetustiorem
532 3312 697 3380 habemus.
741 3315 787 3382 Et
817 3317 878 3401 illi,
911 3319 966 3402 qui
997 3320 1097 3405 primi

192 3507 218 3575 ⁴³)
237 3502 292 3560 cic.
312 3502 385 3558 Tusc
412 3501 432 3556 1.
454 3509 477 3556 1.
497 3507 522 3556 3.
