2332 3824
126 175 188 241 128
488 173 623 231 ORATIO
641 174 717 229 XllL

125 325 158 387 el
179 321 365 387 intermissa
386 319 563 404 paullisper
584 318 812 403 philosophiae
836 324 1028 391 severitate
1052 349 1107 394 no·

125 410 275 476 bilissimi
293 410 378 474 inter
391 407 526 473 Latinos
540 407 750 472 historiarum
766 407 944 492 scriptoris
960 414 1106 480 lectione

125 521 184 564 vos
206 519 346 582 pascere.
374 496 466 571 Quod
485 495 655 561 eonsilium
673 498 744 559 tum
764 496 909 580 denique
936 500 1016 566 sine
1041 506 1105 568 ulla

126 586 327 651 dubitatione
341 583 533 668 probabitis,
547 605 633 667 eum,
651 604 690 647 ex
708 605 772 666 quo
791 583 888 648 fonte
903 594 1104 676 manaverit,

125 673 337 758 intellligetis.
369 670 594 755 Superioribus
618 671 744 755 diebus,
767 692 842 736 oum
861 673 907 738 ad
927 676 1017 742 illud
1038 701 1103 745 non

127 760 317 844 amplissimi
330 761 460 824 tantum
474 760 606 843 ordinis,
620 758 675 824 sed
683 758 781 823 huius
794 761 917 827 aetatis
929 764 1102 851 singulare

125 851 235 913 lumen
249 869 286 913 ao
301 848 411 931 decus,
425 845 618 913 Gulielmum
634 845 786 912 Sirletum
800 845 1035 939 Gardimlem,
1050 878 1100 921 ue

126 937 260 1020 nissam,
275 937 382 1021 eoepit
393 936 448 1001 ille
462 958 526 1020 me,
539 940 577 1001 ut
591 936 682 1020 solet,
695 935 735 999 de
750 935 866 1000 studiis
880 941 968 1004 meis
983 941 1099 1008 huma·

125 1025 258 1090 nissime
285 1027 495 1111 interrogare.
535 1022 596 1089 Oui
623 1045 695 1088 eum
722 1044 828 1107 pauca
855 1047 918 1110 pro
948 1032 1097 1116 tempore

126 1115 376 1199 respondissem,
394 1113 586 1198 procedente
601 1134 761 1196 sermone,
780 1114 924 1197 quaesiit
942 1119 1044 1183 eiiam
1059 1141 1096 1183 ex

126 1201 1093 1374 lirimalesarisasaussaium

535 1337 544 1372 ἰ

128 1397 254 1461 semper
276 1376 376 1441 fuisse
399 1379 432 1440 et
455 1397 581 1461 semper
602 1378 682 1461 fore,
705 1380 738 1440 et
758 1376 821 1441 hae
845 1399 974 1464 quoque
995 1381 1031 1444 in
1052 1403 1088 1446 re

126 1469 232 1531 totum
265 1487 303 1530 ex
333 1465 435 1549 ipsius
466 1468 550 1529 nutu
582 1469 678 1549 atque
710 1465 904 1531 auctoritate
940 1468 1088 1553 pendere,

128 1559 224 1636 atque
246 1554 280 1618 id
303 1553 431 1618 demum
454 1553 534 1618 mihi
555 1554 644 1618 faoiu
672 1553 831 1636 optimum
859 1557 960 1640 atque
987 1558 1086 1622 utilis-

127 1642 245 1705 simum
272 1643 377 1706 visum
404 1641 457 1726 iri,
489 1641 574 1725 quod
601 1641 673 1724 ipso
701 1643 832 1705 auctore
860 1646 894 1707 et
921 1647 1086 1730 tamquam

128 1729 257 1814 auspice
281 1734 453 1816 gereretur.
491 1729 574 1794 Tum
595 1729 663 1812 ille,
687 1729 829 1809 Quaado,
856 1730 980 1817 inquit,
1003 1753 1086 1816 supe-

127 1819 222 1884 rioris
253 1820 331 1884 uuui
362 1818 549 1884 curriculum
579 1818 615 1882 iu
640 1816 817 1882 Aristotelis
843 1817 990 1887 Potitius
1018 1841 1086 1886 em

127 1909 300 1990 sumpsisti,
322 1927 386 1972 uou
402 1907 539 1971 alimum
555 1906 653 1986 feurit
669 1905 724 1970 hoe
741 1925 825 1970 aum
842 1906 969 1988 aliquid
978 1910 1086 1992 paullo

129 1996 252 2062 leuioris
274 2016 382 2078 operae
403 2015 563 2060 assumere.
600 1994 687 2058 Nam
708 2013 803 2076 mque
824 2013 932 2061 mames
953 1997 992 2076 ii,
1013 2017 1084 2079 quo-

128 2103 200 2150 rum
228 2090 254 2150 te
282 2085 447 2150 commodis
473 2084 585 2148 semim
612 2087 737 2165 oportet,
769 2101 895 2163 mperes
922 2090 1000 2150 suut
1024 2091 1085 2150 tam

128 2175 301 2238 aeditumum
336 2174 590 2255 dispmtatiouum
629 2175 658 2236 et
687 2190 709 2234 a
737 2169 893 2251 plerisque
924 2173 1086 2256 impetrari

128 2279 191 2323 uem
212 2266 323 2339 must,
351 2266 387 2324 ut
410 2260 546 2325 Graecas
574 2260 691 2325 litteras
717 2263 832 2338 uumut,
859 2263 890 2323 et
914 2267 1004 2341 suut,
1037 2263 1087 2346 qui

128 2347 206 2410 aum
231 2347 389 2428 principio
419 2349 463 2412 ad
496 2348 674 2413 dimidiatos
710 2347 813 2425 lu‘bros,
849 2351 1014 2431 tamquam
1049 2349 1088 2417 ud

128 2433 276 2498 delibatas
303 2435 342 2498 ab
370 2435 444 2500 aliis
470 2454 507 2498 ae
527 2455 625 2515 prope
651 2454 781 2500 semesas
809 2435 930 2517 epulas,
958 2457 1026 2504 mou
1053 2440 1087 2505 ii

128 2522 229 2586 amar
255 2523 407 2586 mmmm.
446 2521 547 2600 Quare
574 2527 681 2586 auctor
709 2523 765 2588 tibi
786 2543 868 2603 sum,
895 2529 931 2588 ut
953 2527 1088 2608 aiu'quem

128 2609 306 2675 historicum
328 2629 446 2688 sumas,
468 2629 518 2688 ae,
540 2609 634 2675 mute
651 2611 755 2691 audis,
777 2626 841 2677 riou
862 2613 965 2677 alium
981 2618 1089 2696 potius

128 2718 222 2781 queam
240 2697 433 2766 Sallustium.
460 2698 547 2765 Nam
569 2704 599 2764 et
618 2700 732 2784 europis
753 2699 866 2765 Latiae
888 2701 1040 2790 loquitur,
1063 2709 1091 2770 et

126 2789 231 2872 prauis
258 2809 294 2856 ae
320 2790 431 2856 demus
457 2794 501 2856 est
525 2794 554 2855 et
583 2790 682 2855 ciuilis
711 2790 880 2870 summam
904 2789 1021 2870 uuum
1053 2799 1090 2873 et,

128 2880 210 2960 quoa
235 2885 269 2944 tu
290 2881 400 2962 quanti
421 2879 521 2961 facias
543 2881 617 2958 seio,
646 2877 870 2960 lampetium,
897 2883 937 2956 et,
965 2885 1004 2944 ut
1025 2884 1090 2947 eai-

125 2986 206 3045 9uus
229 2969 302 3033 liber
325 2974 381 3046 est,
401 2970 514 3048 pomis
535 2968 626 3031 iilum
647 2967 801 3031 umusibus
820 2970 916 3030 totum
934 2969 1091 3049 auplicem

126 3051 219 3126 fusile
234 3056 359 3133 poteris.
395 3055 464 3135 Epo
482 3073 564 3130 uero,
586 3053 733 3137 inquam,
757 3054 953 3119 libuutissime
969 3059 1091 3138 parebo

127 3141 305 3202 auctoritati
332 3144 402 3203 tuem
427 3159 521 3220 aeque
546 3159 684 3220 utiquam
715 3143 914 3219 committam,
947 3149 984 3208 ut
1011 3167 1091 3229 qum·

127 3240 243 3301 mamque
264 3226 301 3288 de
322 3245 356 3287 m
376 3227 558 3290 senteutiam
581 3231 667 3292 tuam
689 3249 862 3312 eopuouero,
889 3231 926 3294 de
948 3252 986 3296 ea
1008 3235 1092 3301 milti

127 3309 263 3390 aumlius
298 3313 504 3391 quaerendum
535 3334 572 3379 ae
602 3317 804 3382 dubitandum
830 3323 945 3399 putem.
993 3320 1091 3398 Quod

127 3398 227 3485 igitur
258 3397 404 3464 faustum
435 3400 574 3485 felixque
607 3405 663 3489 sit,
699 3405 738 3470 de
774 3406 891 3470 summi
927 3407 963 3471 in
997 3414 1091 3478 omni

128 3509 245 3574 genere
263 3487 497 3554 laudandarum
516 3491 634 3558 artium
652 3494 712 3559 viri
731 3496 764 3558 et
776 3498 925 3558 nostrum
940 3500 1092 3570 omnium
