2332 3824
113 152 155 215 74
472 151 609 209 ORATIO
626 152 701 207 VIII

109 297 161 362 bis
183 296 291 363 deero:
315 297 449 380 docebo,
472 296 651 362 admonebo
678 297 824 381 instabo,
850 299 996 384 urgebo,
1025 322 1074 367 ex·

111 382 230 470 citabo',
253 407 488 470 nonnunquam
510 386 620 468 etiam,
644 384 671 449 si
692 407 744 450 res
766 384 815 449 ita
832 408 973 470 poscere
987 388 1073 455 uide

109 474 210 558 bitur,
229 475 407 559 obiurgabo
421 477 518 558 atque
539 473 721 557 increpabo.
747 471 860 539 Nolite
875 480 1072 562 exspectare,

110 563 187 629 dum
209 563 301 628 vobis
324 562 443 627 aduler.
480 559 693 627 Contemnam
715 582 786 645 vos,
809 561 838 625 si
860 583 921 628 vos
945 565 1071 630 Iltteras

110 650 331 717 contemnetis.
368 648 426 715 Sin
439 671 493 714 eas
516 649 678 734 amabitis,
701 652 735 714 et
759 649 876 715 amabo
899 651 974 735 ipse
989 674 1070 719 com·

109 740 206 804 moda
228 741 336 802 vestra
358 758 396 801 ax
419 739 541 821 animo,
568 741 601 802 et
622 740 660 802 ut
681 758 740 802 vos
762 758 814 801 me
836 737 986 807 uicissim
1008 762 1069 807 me

108 826 172 890 rito
196 825 323 909 ametis,
347 847 478 911 operam
501 825 593 892 dabo.
630 823 705 909 Sed,
727 828 765 890 ut
784 825 847 890 diei
865 829 1000 911 tempus
1014 832 1070 913 est,

110 912 229 978 diutius
244 913 410 979 detinendi
422 936 490 980 non
504 914 592 979 estis.
616 911 798 978 Secundum
811 913 933 979 librum
949 915 1069 983 luseu-

108 1001 257 1068 lanarum
284 1003 541 1086 disputationum
568 1002 726 1085 explicare
754 1000 890 1066 decrevi.
933 1000 1018 1071 Cras
1038 1004 1070 1069 id

108 1090 214 1156 facere
236 1091 398 1174 incipiam.
433 1087 592 1154 Polliceor
614 1091 722 1154 autem
744 1089 850 1173 vobis,
873 1091 932 1173 qui
950 1114 1006 1158 me
1024 1096 1069 1157 at

109 1181 198 1244 tonte
226 1178 370 1261 audient,
397 1180 582 1242 cunabulum
609 1199 674 1262 me,
704 1181 742 1242 ut
768 1177 815 1242 eis
843 1199 964 1262 operae
993 1202 1068 1247 suae

109 1266 193 1330 ratio
217 1268 352 1330 constet.
375 1279 462 1329 nm.

513 1455 671 1466 ———--—-

108 1654 160 1715 DE
183 1655 397 1716 UTILITATE
419 1655 690 1716 IUCUNDITATE
709 1653 761 1715 Ac
782 1655 1070 1723 PRAESTAN'I'IA

451 1759 722 1820 LITTERARUM.

400 1915 614 1998 ORATIO
651 1913 769 1997 VIII.

174 2091 292 2134 mm
306 2089 411 2132 ROMAE
424 2090 475 2132 XV.
488 2087 559 2131 m.
572 2087 726 2132 novmn.
739 2085 823 2128 ANNO
836 2086 998 2132 nomm

175 2230 256 2297 Cum
265 2231 514 2300 mihiasummis
524 2230 611 2314 viris,
621 2252 757 2314 quorum
766 2230 959 2296 auctoritate
967 2236 1069 2320 atqua

107 2319 241 2401 imperio
255 2320 366 2382 nostra
380 2319 524 2382 omnium
538 2318 645 2382 studia
658 2316 854 2401 diriguntur,
872 2320 1070 2388 mandatum

108 2410 205 2489 esset,
223 2409 260 2469 ut
273 2405 428 2470 hodierno
443 2405 507 2487 die,
526 2426 604 2487 quo,
622 2406 659 2466 ut
673 2404 774 2486 scitis,
792 2426 881 2469 more
894 2407 1070 2495 maiorum,

108 2497 218 2558 noster
231 2493 285 2557 hie
299 2491 391 2575 quasi
399 2490 567 2555 Musarum
576 2490 732 2556 exercitus
747 2492 921 2575 quotannis
931 2494 1069 2564 lustrari

108 2581 202 2664 solet,
234 2581 272 2646 de
305 2578 504 2664 praestantia
529 2578 710 2643 litterarum
738 2583 771 2644 et
797 2601 907 2644 earum
936 2585 1070 2672 artium,

108 2690 189 2753 quae
216 2668 332 2732 litteris
360 2667 580 2751 continentur,
612 2666 734 2751 aliquid
759 2667 886 2752 publice
915 2668 1069 2760 dicerem,

107 2778 171 2841 quo
193 2757 345 2823 iuvenum
368 2755 467 2820 animi
486 2756 526 2820 ad
545 2777 656 2821 earum
675 2777 816 2822 amorem
834 2755 1069 2829 incltarentur:

108 2844 195 2929 quod
212 2847 301 2929 prius
318 2847 423 2911 faeere
442 2844 626 2928 debueram,
645 2845 701 2909 sed
718 2844 901 2909 inconsulto
922 2847 1070 2928 quodam

107 2933 304 3018 obsequendi
323 2934 428 3000 studio
448 2933 599 3017 abreptus
618 2953 686 2996 non
704 2932 856 3014 feceram,
876 2935 968 3016 coepi
988 2957 1069 3003 one·

106 3021 150 3083 ris
179 3023 318 3104 suseepti
345 3020 601 3106 magnitudinem
628 3039 701 3083 cum
727 3020 848 3084 viribus
871 3021 952 3084 meis
976 3025 1068 3090 solli·

107 3106 169 3168 elte
193 3127 387 3189 comparare.
423 3106 531 3190 Atque
554 3106 715 3170 interdum
739 3107 867 3191 quidem
894 3107 941 3170 ita
964 3112 1068 3178 ratio·

107 3191 252 3274 ciuabar,
275 3196 312 3256 ut
334 3195 414 3258 mihi
436 3195 517 3259 nihil
540 3193 675 3257 arduum
699 3199 755 3259 aut
778 3194 907 3258 difficile
931 3196 1068 3280 imposi-

107 3283 177 3345 tum
191 3279 360 3344 crederem.
392 3280 491 3364 Nam,
505 3284 542 3345 ut
560 3278 743 3364 Cyrenaeus
757 3280 891 3368 pobta*)
905 3282 1002 3349 facile
1018 3288 1068 3354 ait

161 3475 186 3543 ¹⁵)
206 3454 391 3527 Callimachus
409 3469 436 3525 h.
456 3471 486 3525 in
504 3469 596 3520 Auoll.
615 3473 658 3525 81.
