2332 3824
97 137 141 200 44
472 136 608 194 ORATIO
626 135 673 192 IV.

98 280 185 346 ciosa
207 303 285 350 esse.
320 280 373 348 Da
394 280 520 346 homini
541 303 609 345 non
630 280 826 365 philosopho
850 301 930 365 opes
956 303 998 349 ae
1012 305 1062 350 co·

97 370 181 453 pias,
204 369 246 435 da
267 372 407 436 honores
431 372 527 452 atque
549 369 697 452 imperia,
720 368 761 433 da
783 368 912 433 firmam
935 371 1061 438 valetu-

99 458 219 541 dinem,
246 460 288 523 da
315 456 543 541 gladiatorium
570 457 672 521 totius
700 456 843 540 corporis
869 458 989 543 robur,
1020 461 1060 524 (11

100 547 273 611 multarum
315 564 569 629 magnarumque
609 565 717 609 rerum
758 544 984 629 cognitionem
1024 569 1060 612 ac

99 634 279 717 scientiam,
306 633 348 697 da
375 632 580 697 flexanimam
601 633 705 716 illam,
732 635 769 696 ut
790 635 907 715 politae
928 639 1059 720 vocant,

99 723 133 784 et
159 721 303 785 omnium
328 741 437 786 rerum
462 721 609 805 reginam
637 719 867 803 eloquentiam,
895 721 939 786 da
968 724 1058 807 quid·

100 807 176 889 quid
198 808 234 872 in
256 809 330 874 filiis
353 812 525 892 parentum
546 808 630 873 votis
654 807 760 891 optari
774 810 870 872 solet:
894 830 959 892 quo
976 812 1057 876 eius·

101 894 187 959 modi
204 897 298 980 plura
315 897 351 961 in
368 898 467 963 talem
484 896 649 962 hominem
668 896 880 981 congesseris,
902 917 943 962 eo
965 899 1058 963 illum

99 983 203 1068 magis
230 989 263 1050 et
288 986 324 1050 in
350 1007 441 1051 suam
468 985 562 1049 etin
590 985 726 1048 aliorum
752 984 928 1066 perniciem
955 1007 1058 1050 arma-

99 1072 191 1137 veris.
229 1072 351 1158 Opibus
375 1073 525 1137 abutetur
548 1071 589 1136 ad
612 1094 704 1135 suam
730 1071 898 1136 libidinem
926 1074 1058 1158 expleu-

101 1159 188 1242 dam,
210 1161 352 1245 imperiis
371 1159 412 1224 ad
435 1160 574 1224 alienam
595 1160 777 1223 libertatem
801 1161 1059 1246 opprimendam,

101 1247 251 1310 firmitate
275 1251 308 1312 et
326 1246 444 1311 robore
467 1247 508 1311 ad
531 1246 679 1312 obeunda
701 1248 860 1331 facinora,
889 1248 1060 1314 scientiam

101 1334 289 1418 copiamque
318 1334 444 1399 dicendi
472 1335 512 1400 ad
540 1335 834 1400 circumveniendos
863 1336 949 1400 cives
973 1359 1059 1422 suos,

101 1422 142 1486 1(1
172 1423 424 1507 perturbandam
450 1423 693 1507 rempublicam,
720 1423 761 1487 ad
783 1424 892 1487 omnia
919 1424 1060 1509 denique

102 1513 171 1573 tum
194 1520 298 1597 sacra,
323 1515 394 1576 tum
420 1510 558 1595 profana
585 1510 805 1594 permiscenda
828 1514 862 1574 et
884 1515 1061 1579 evertenda

102 1602 275 1664 convertet.
311 1598 363 1664 Da
389 1600 469 1664 haec
492 1600 603 1664 eadem
631 1620 706 1664 vero
729 1599 924 1681 minimeque
946 1600 1059 1667 fucato

101 1685 308 1771 philosopho:
353 1687 459 1754 Deum
495 1687 655 1770 quendam
687 1687 728 1751 ad
759 1686 842 1751 bene
873 1687 1061 1754 faciendum

102 1773 244 1840 humano
267 1776 378 1861 generi
400 1797 418 1840 e
441 1776 529 1840 coelo
544 1774 717 1840 demissum
730 1796 800 1839 esse
818 1775 913 1839 dices.
949 1776 1060 1862 Atque

103 1862 164 1928 hoc
185 1864 337 1929 illudt
288 1867 337 1929 est
346 1914 355 1948 ,
376 1863 493 1948 quod
483 1885 519 1927 m
529 1860 704 1928 Alcibiade
726 1863 850 1927 minore
869 1864 935 1928 sive
954 1863 1061 1949 Plato,

103 1951 169 2015 sive
200 1952 385 2053 Xenophon
416 1952 573 2035 disputat,
609 1972 648 2015 ea
679 1971 760 2034 quae
793 1955 906 2102 suapte
938 1957 1060 2018 natura

102 2039 190 2104 bona
216 2043 306 2124 sunt,
333 2041 402 2106 sine
429 2040 564 2106 scientia
590 2040 672 2122 eius,
699 2038 785 2122 quod
812 2043 869 2123 opt
869 2039 972 2104 imum
999 2046 1061 2124 est,

104 2149 202 2209 quam
238 2128 373 2193 eandem
408 2131 442 2193 et
476 2127 715 2211 philosophiam
751 2148 820 2191 esse
858 2130 981 2212 statuo,
1019 2131 1061 2193 ad

104 2214 290 2297 perniciem,
320 2235 389 2279 non
416 2215 457 2278 ad
483 2216 619 2279 salutem
646 2216 761 2280 valere.
805 2212 832 2279 0
859 2217 1062 2299 praeclaram

104 2299 231 2364 laudem
261 2301 498 2384 philosophiae,
529 2303 620 2366 cuius
652 2323 712 2383 ope
740 2323 782 2366 ne
808 2304 896 2367 mala
927 2304 1061 2387 quidem

103 2409 232 2472 nocere,
264 2410 328 2473 qua
359 2389 482 2453 detract
468 2391 515 2471 11,
554 2410 595 2453 ue
627 2389 714 2453 bona
746 2389 873 2473 quidem
904 2392 1061 2474 prodesse

103 2477 251 2560 possunt!
225 2475 423 2541 tMerito
466 2475 546 2539 dixit
579 2475 727 2562 Plato*),
768 2479 894 2543 nullum
930 2500 951 2542 1
987 2478 1061 2545 Diis

104 2563 159 2627 dat
145 2567 215 2627 tum
246 2585 316 2628 1111
350 2563 536 2629 hominibus
568 2586 605 2630 ea
637 2565 741 2630 maius
774 2569 831 2630 aut
861 2567 1061 2650 praeclarius

104 2651 237 2735 donum,
259 2652 374 2717 merito
397 2649 579 2740 Cicero**),
601 2675 703 2718 uuum
725 2654 810 2719 diem
823 2675 862 2718 ex
880 2654 948 2718 eius
966 2676 1061 2737 prae·

104 2741 204 2824 ceptis
228 2744 335 2806 actum
356 2741 591 2807 immortalitati
612 2743 882 2825 anteponendum.

169 2827 282 2914 Neque
304 2851 380 2896 vero
403 2851 471 2894 non
492 2830 572 2895 illud
595 2830 636 2894 ad
663 2830 745 2912 eius,
772 2830 811 2894 de
840 2851 903 2912 qua
929 2832 1060 2915 proprie

104 2940 208 2983 sermo
231 2918 325 2983 nobis
346 2919 514 2984 institutus
538 2921 600 3002 est,
625 2917 849 3001 philosophiae
870 2918 999 2982 laudem
1023 2940 1060 2983 ac

104 3006 416 3071 commendationem
445 3005 538 3091 facit,
565 3005 651 3089 quod
683 3006 792 3070 omnia
818 3005 1061 3091 propemodum,

105 3113 186 3174 quae
214 3114 234 3157 a
264 3093 425 3158 veteribus
457 3093 496 3158 de
526 3092 733 3178 philosophia
764 3093 941 3158 honorifice
974 3094 1061 3158 dieta

158 3248 273 3335 arim.
297 3266 368 3336 pag.
382 3256 424 3305 47
443 3250 474 3304 B.
494 3241 568 3314 ἐξ
548 3269 587 3335 qv
611 3243 805 3336 ἐπορισάμεθα
828 3249 996 3332 φιλοσοφίας
1014 3247 1061 3318 γε’·

104 3336 165 3404 νος,
184 3311 218 3372 οὗ
237 3322 332 3388 μεῖζον
350 3315 464 3388 αγαθὸν
483 3316 534 3374 οὔτ
551 3311 639 3388 ἦλθεν
659 3315 724 3375 odo'
743 3315 804 3389 ἥξει
819 3319 886 3375 ποτὲ
906 3320 944 3391 τῷ
962 3319 1060 3391 θνητῷ

105 3387 182 3457 γένει
201 3389 351 3496 (11111111
352 3386 405 3488 lav
402 3390 488 3444 θεων.

142 3463 184 3529 **)
203 3459 310 3514 Ciam·
378 3460 456 3512 Μ..
475 3463 500 3513 ὅ.
