2332 3824
97 133 139 199 88
458 131 595 189 ORATIO
614 132 689 190 vna

163 277 190 345 0
213 301 369 366 magnum
392 280 425 344 et
447 278 570 343 excelso
594 277 704 343 animo
726 279 926 362 praeditum
955 282 1068 348 virum!

97 368 190 445 Quod
210 369 280 433 aliis
299 388 401 453 regna
418 371 452 432 et
469 365 604 450 imperia
621 386 690 431 non
708 366 884 453 adferunt,
908 373 951 434 ut
968 371 1067 437 soluto

97 478 135 522 ac
156 458 257 523 libero
281 457 389 521 animo
413 455 491 539 sint,
521 454 555 518 id
577 453 641 538 ipsi
661 457 798 538 propter
820 456 1019 524 litterarum
1040 464 1068 523 et

97 545 320 629 philosophiae
344 543 581 626 commercium,
604 540 741 607 choenix
758 543 1066 626 lupinorum-adfe-

97 634 196 698 rebat.
233 630 325 708 Quod
352 631 381 694 si
406 634 475 694 tam
497 632 600 695 multa
625 633 756 713 tamque
780 633 962 715 praeclara
985 635 1065 700 bona

97 722 212 785 litteris
241 740 279 783 ao
306 719 483 802 disciplinis
511 718 731 802 continentur,
759 718 788 782 si
815 718 903 803 ipsis
926 723 1064 788 nomini·

97 808 157 872 bus
180 827 218 871 ac
241 807 406 873 vocabulis
429 809 549 872 testata
571 810 621 871 ost
643 809 787 871 vetustas
811 827 932 873 earum
958 812 1065 896 cogni·

97 895 219 960 tionem
259 900 293 960 et
331 895 517 961 hominibus
554 898 587 959 et
625 894 734 959 liberis
770 897 872 978 atquo
911 897 1064 984 ingenuis

97 983 282 1049 hominibus
305 983 528 1070 dignissimam
550 1003 633 1067 esse,
660 982 688 1047 si
710 985 743 1046 et
764 981 892 1067 ignava
915 987 1063 1052 vitabo

98 1073 184 1138 mine
211 1073 347 1158 indigna
370 1074 419 1136 est
441 1074 474 1135 et
496 1072 585 1136 nullo
608 1071 644 1134 in
666 1069 773 1135 studio
801 1071 939 1158 melius,
968 1096 1063 1159 quam

99 1162 136 1225 in
157 1161 286 1245 litteris,
308 1159 467 1224 industria
489 1158 639 1224 collocari
661 1161 782 1242 potest,
805 1159 834 1223 si
857 1159 903 1224 ad
923 1183 1006 1247 opos
1029 1183 1062 1226 ac

99 1249 290 1331 potentiam,
318 1248 345 1311 si
368 1246 409 1310 ad
436 1248 577 1312 honores
600 1268 638 1311 ac
661 1245 836 1331 dignitates
858 1247 918 1312 via
942 1252 1061 1335 optime

97 1335 213 1399 litteris
236 1335 402 1418 sternitur,
425 1335 453 1399 si
476 1336 595 1400 eisdem
613 1338 646 1398 et
663 1333 762 1399 animi
783 1336 1015 1418 tranquillitas
1032 1342 1062 1404 et

99 1423 239 1489 nominis
271 1423 445 1488 aeternitas
478 1426 694 1507 comparatur:
726 1422 803 1506 quid
836 1425 952 1511 statis,
989 1427 1061 1492 ado

99 1513 267 1597 lescentes,
290 1515 348 1577 aut
370 1533 426 1577 our
449 1511 591 1577 oblatam
612 1511 704 1576 vobis
727 1510 814 1574 tanti
841 1510 925 1576 boni
950 1535 1060 1580 conse·

100 1600 217 1683 quendi
240 1600 442 1666 occasionem
465 1600 603 1684 effugere
618 1602 714 1683 atque
733 1599 860 1663 evolare
884 1602 1061 1684 patimini?

100 1708 156 1751 cur
182 1708 262 1771 non,
290 1688 361 1752 aliis
389 1688 537 1754 omnibus
565 1688 648 1751 curis
676 1690 709 1750 et
736 1686 997 1771 cogitationibus
1025 1714 1063 1756 ex

100 1777 207 1842 animo
231 1776 363 1841 abiectis
386 1780 482 1860 atquc
509 1775 676 1860 abdicatis,
698 1775 733 1838 in
754 1774 840 1839 hanc
862 1796 969 1842 unam
991 1783 1061 1845 toto

99 1870 229 1950 pectore
251 1865 458 1930 incumbitis?
493 1863 570 1929 Non
592 1863 655 1929 hoc
678 1862 823 1946 sedendi,
845 1866 884 1927 ut
908 1865 958 1929 ait
981 1865 1061 1932 Bac-

101 1955 254 2039 chylides,
288 1975 326 2019 ac
354 1953 526 2018 cunctandi
552 1956 679 2036 tempus
707 1954 764 2014 est.
800 1948 879 2015 Non
907 1953 1000 2019 enim
1023 1978 1061 2020 ex

101 2045 198 2127 plano
227 2064 264 2108 ao
290 2043 379 2107 facili
402 2042 506 2127 gloria
527 2041 607 2105 haec
629 2039 765 2124 petitur,
787 2059 892 2122 neque
916 2041 1003 2126 lata,
1027 2048 1063 2108 ut

101 2133 148 2195 ait
165 2127 407 2216 Propertium),
429 2130 483 2195 via
505 2150 630 2194 currere
652 2128 692 2192 ad
709 2126 819 2192 Musas
843 2126 949 2193 datur.
983 2128 1063 2197 Non

100 2218 222 2280 frustra
255 2239 309 2281 eas
342 2219 466 2300 antiqui
498 2218 534 2281 in
565 2216 665 2281 arduo
697 2219 793 2298 atque
825 2214 912 2279 edito
945 2224 1063 2284 monte

100 2303 247 2367 habitare
270 2304 427 2368 dixerunt.
464 2304 623 2368 Laborem
646 2306 678 2367 et
701 2302 850 2368 sudorem
873 2304 906 2366 et
928 2304 1063 2390 vigilias

100 2391 135 2455 in
158 2412 267 2455 earum
290 2392 372 2455 atrio
395 2413 433 2455 ac
455 2391 613 2457 vestibulo
641 2391 796 2454 excubare
823 2390 927 2455 voluit
959 2393 1064 2480 Deua

101 2479 168 2562 qui,
200 2481 237 2542 ut
268 2478 395 2542 dicebat
420 2477 646 2561 Epicharmus
677 2478 788 2543 labore
815 2479 924 2543 omnia
957 2503 1063 2568 prope

101 2568 187 2631 bona
208 2565 394 2630 hominibus
417 2565 544 2631 venalia
565 2567 742 2650 proposuit.
778 2566 851 2650 Ego
874 2571 999 2654 autem,
1025 2576 1064 2636 ut

100 2654 199 2718 libere
222 2654 388 2719 vobiscum
411 2674 519 2738 agam,
545 2654 638 2718 valde
661 2677 785 2739 vereor,
812 2675 867 2737 nc,
894 2676 969 2720 cum
993 2660 1062 2741 ple-

99 2743 207 2825 risque
238 2746 382 2807 vestrum
416 2744 480 2808 alia
512 2744 620 2808 omnia
651 2744 777 2808 abunde
809 2742 886 2826 sint,
918 2747 1063 2812 mollitia

101 2830 195 2893 multi
223 2835 256 2895 et
282 2832 403 2897 laboris
431 2832 505 2898 odio
534 2855 553 2897 a
581 2832 694 2897 studiis
723 2834 905 2897 avocentur.
942 2831 1062 2919 Itaque

102 2917 217 3001 quibus
240 2921 345 2985 verbis
367 2919 540 2986 Homerica
561 2920 669 2984 Pallas
692 2918 917 2984 Nausicaano
942 2941 1061 2988 somno

102 3006 233 3088 excitat,
256 3028 352 3089 quam
376 3029 507 3093 segnem
530 3011 564 3072 et
584 3008 737 3090 ignavam
759 3010 866 3084 vocat,
895 3008 982 3090 quod
1007 3033 1062 3076 ve·

102 3096 167 3156 stes
190 3094 301 3178 magni
323 3095 432 3177 pretii,
456 3096 517 3160 sibi
535 3098 659 3177 emptas
683 3095 925 3179 aparentibus,
948 3101 1061 3182 neglc-

102 3181 167 3244 ctui
193 3181 313 3245 habeat
349 3202 465 3263 easque
492 3183 599 3246 illotas
628 3201 665 3244 ac
698 3184 842 3248 sordidas
869 3183 973 3249 iacere
1002 3209 1061 3269 pa-

101 3268 214 3353 tiatur3
237 3289 367 3354 surgere
389 3269 489 3353 igitur
512 3291 583 3333 eam
604 3268 708 3354 iubet,
730 3274 763 3334 et
785 3271 826 3335 ad
847 3291 901 3334 eas
925 3272 1062 3340 abluen-

156 3463 182 3532 *)
200 3463 248 3516 111.
269 3465 353 3530 1‚.1a
