2332 3824
436 191 645 246 PRAEFATIO
665 192 714 247 III.
825 192 841 199 “

544 493 602 560 ΙΠ.

314 650 357 718 M.
381 651 605 719 ANTONIUS
628 649 844 719 MURETUS

369 810 570 864 11011111
589 809 781 862 10111110

222 913 633 994 1110111101111101111.
648 949 792 992 Parmam
806 950 940 997 varmo
955 971 961 981 .

506 1071 649 1138 aaa&

166 1233 258 1309 Quod
271 1257 321 1298 me
338 1255 433 1316 saepe
455 1234 491 1297 in
505 1232 693 1318 quotidiano
708 1254 874 1317 sermone,
898 1233 1061 1301 Leonarde

96 1321 273 1404 Moceniee‚
297 1322 518 1404 deplorantem
533 1321 641 1385 audire
664 1321 812 1404 potuisti,
835 1343 966 1407 magna
984 1325 1063 1389 inest

97 1410 133 1474 in
146 1411 290 1474 veterum
304 1408 431 1493 scriptis
445 1413 479 1473 et
501 1409 686 1492 depravatio
710 1411 743 1472 et
765 1409 953 1476 difficultas.
986 1411 1063 1489 Qua·

98 1521 170 1563 rum
192 1500 362 1583 utramque
392 1498 448 1583 qui
469 1520 528 1582 pro
552 1519 610 1561 sua
632 1497 717 1561 virili
739 1500 832 1579 parte
859 1500 981 1565 tollere
1002 1522 1063 1565 mo

97 1587 221 1650 liuntur
243 1607 435 1671 operamque
460 1586 500 1650 ad
521 1607 592 1649 eam
606 1606 674 1649 rem
698 1584 851 1650 studiosis
876 1586 1065 1653 hominibus

98 1674 288 1758 profitentur
311 1697 415 1757 suam,
442 1675 466 1737 ii
494 1673 574 1737 mihi
597 1676 629 1736 et
654 1672 782 1737 labores
805 1694 884 1738 suos
908 1677 1064 1742 collocare

98 1762 292 1827 fructuosius
315 1766 348 1827 et
370 1763 411 1827 ad
433 1761 657 1827 exstruendam
681 1760 744 1825 sibi
765 1761 911 1827 nominis
934 1764 1065 1830 imm0r·

97 1851 259 1915 talitatem
289 1851 432 1915 firmiora
462 1855 495 1914 et
527 1849 678 1914 solidiora
712 1848 929 1915 fundamenta
963 1852 1065 1918 iacere

98 1939 260 2023 videntur,
288 1961 384 2023 quam
408 1939 463 2024 qui
489 1939 575 2002 hunc
598 1936 789 2001 emendandi
813 1959 850 2002 ac
878 1938 1066 2006 declarandi

99 2027 256 2178 laborem,
277 2029 484 2112 tamquame
467 2030 500 2091 11
521 2025 698 2109 pleniorem
720 2025 947 2092 molestiarum
966 2032 1002 2094 et
1015 2031 1065 2094 ab·

99 2116 162 2179 iect
163 2115 263 2179 iorem
292 2115 527 2200 quodammodo
552 2117 647 2198 atque
674 2112 880 2178 humiliorem
902 2117 1065 2203 refugien-

100 2208 162 2287 tes,
191 2203 367 2267 scribendis
394 2203 511 2267 Latina
534 2201 694 2267 Graecave
721 2201 833 2285 lingua
861 2204 1067 2271 orationibus

101 2255 162 2354 aut
179 2293 351 2373 poemat,
310 2291 337 2354 is
375 2291 578 2375 eiusdemque
602 2289 727 2374 generis
752 2289 823 2354 aliis
848 2311 909 2354 sua
931 2296 1068 2359 nomina

101 2378 284 2461 posteritati
306 2340 529 2443 coinmendare
552 2379 686 2443 malunt.
718 2376 864 2441 Primum
883 2380 975 2445 enim
995 2405 1067 2447 eum

102 2467 276 2535 eveterum
290 2469 508 2531 monumentis
514 2471 702 2550 ,tanquam
724 2487 763 2529 ex
786 2466 919 2549 optimis
945 2473 980 2533 et
998 2472 1068 2554 pin-

102 2553 218 2638 guibus
254 2555 395 2638 pascuis,
437 2576 518 2639 quae
555 2554 596 2618 ad
632 2553 823 2618 saturandos
860 2554 1068 2623 humanitate

103 2642 228 2707 animos
255 2642 430 2744 pertinent,
459 2642 568 2707 omnia
595 2642 750 2726 colligant
750 2664 802 2706 ur:
834 2643 984 2726 profecto
1014 2647 1069 2733 qui

103 2735 136 2797 et
154 2731 286 2797 evellere
309 2731 422 2797 noxias
445 2731 575 2817 herbas,
603 2751 684 2816 quae
706 2730 741 2794 in
761 2731 806 2795 eis
826 2732 991 2798 cultorum
1014 2757 1068 2800 11-

103 2821 260 2907 gligentia
282 2824 493 2907 pullularunt,
517 2826 549 2887 et
571 2819 696 2902 excisis,
725 2819 752 2883 si
775 2839 857 2902 quae
871 2819 978 2884 iter
966 2844 1068 2908 impe

104 2911 209 2995 diunt,
247 2913 390 2977 sentibus
427 2913 549 2976 aditum
581 2910 621 2973 ad
653 2928 690 2971 ea
725 2907 902 2971 faciliorem
941 2910 1068 2976 efficere

103 2963 263 3083 nituntur,
286 3001 399 3083 negari
411 3021 478 3062 non
500 3000 620 3079 potest,
644 2995 723 3081 quin
744 2997 908 3079 praeclare
932 3000 1068 3063 omnino

105 3085 143 3147 de
170 3087 312 3150 humano
340 3106 455 3170 genere
478 3088 669 3148 mereantur.
716 3081 750 3149 si
778 3083 907 3168 quidem
931 3089 983 3169 ut,
1013 3087 1068 3172 qui

105 3174 161 3233 aut
190 3193 305 3252 parum
336 3174 426 3255 puris
459 3173 514 3233 aut
546 3170 586 3234 ad
618 3173 848 3237 conficiendum
881 3171 1067 3238 difficilibus

104 3260 239 3321 utuntur
253 3258 345 3342 cibis,
367 3257 486 3341 integri
486 3259 586 3322 111111
600 3260 792 3324 valetudinis
814 3260 1067 3348 firmitatemque

105 3521 148 3575 til·
159 3452 184 3520 *)
203 3446 359 3533 ¹Praemissa
377 3450 421 3504 est
439 3447 560 3518 epistola
579 3451 778 3506 commentario
801 3440 834 3505 in
853 3449 996 3508 Ciceronis
1016 3452 1066 3509 Ca·

140 3539 251 3577 manas.
