<?xml version="1.0" encoding="UTF-8"?>
<!DOCTYPE html PUBLIC "-//W3C//DTD XHTML 1.0 Transitional//EN"
    "http://www.w3.org/TR/xhtml1/DTD/xhtml1-transitional.dtd">
<html xmlns="http://www.w3.org/1999/xhtml" xml:lang="en" lang="en">
 <head>
  <title>
</title>
<meta http-equiv="Content-Type" content="text/html;charset=utf-8" />
  <meta name='ocr-system' content='tesseract 3.04.00' />
  <meta name='ocr-capabilities' content='ocr_page ocr_carea ocr_par ocr_line ocrx_word'/>
</head>
<body>
  <div class='ocr_page' id='page_1' title='image "./scriptaselecta00muregoog_0057.png"; bbox 0 0 2332 3824; ppageno 0'>
   <div class='ocr_carea' id='block_1_1' title="bbox 103 152 678 221">
    <p class='ocr_par' dir='ltr' id='par_1_1' title="bbox 103 152 678 221">
     <span class='ocr_line' id='line_1_1' title="bbox 103 152 678 221; baseline 0.003 -15"><span class='ocrx_word' id='word_1_1' title='bbox 103 157 146 221; x_wconf 79' lang='lat'>42</span> <span class='ocrx_word' id='word_1_2' title='bbox 434 192 444 207; x_wconf 46' lang='grc' dir='ltr'><strong><em>ι</em></strong></span> <span class='ocrx_word' id='word_1_3' title='bbox 476 152 678 210; x_wconf 77' lang='grc'><strong>01111011.</strong></span> 
     </span>
    </p>
   </div>
   <div class='ocr_carea' id='block_1_2' title="bbox 97 296 1064 3107">
    <p class='ocr_par' dir='ltr' id='par_1_2' title="bbox 97 296 1064 3107">
     <span class='ocr_line' id='line_1_2' title="bbox 103 296 1064 388; baseline 0 -21"><span class='ocrx_word' id='word_1_4' title='bbox 103 297 352 388; x_wconf 56' lang='lat' dir='ltr'>Thucydidem),</span> <span class='ocrx_word' id='word_1_5' title='bbox 365 299 463 365; x_wconf 83' lang='lat' dir='ltr'>verba</span> <span class='ocrx_word' id='word_1_6' title='bbox 475 297 615 363; x_wconf 73' lang='lat' dir='ltr'>faciam?</span> <span class='ocrx_word' id='word_1_7' title='bbox 638 296 804 381; x_wconf 90' lang='lat' dir='ltr'>Numquid</span> <span class='ocrx_word' id='word_1_8' title='bbox 817 297 906 363; x_wconf 87' lang='lat' dir='ltr'>illius</span> <span class='ocrx_word' id='word_1_9' title='bbox 916 321 1064 388; x_wconf 88' lang='lat' dir='ltr'>unquam</span> 
     </span>
     <span class='ocr_line' id='line_1_3' title="bbox 102 385 1063 474; baseline -0.001 -18"><span class='ocrx_word' id='word_1_10' title='bbox 102 390 227 456; x_wconf 82' lang='lat' dir='ltr'><strong>facibus</strong></span> <span class='ocrx_word' id='word_1_11' title='bbox 259 387 390 453; x_wconf 76' lang='lat' dir='ltr'>accendi</span> <span class='ocrx_word' id='word_1_12' title='bbox 416 387 536 472; x_wconf 89' lang='lat' dir='ltr'>poterit</span> <span class='ocrx_word' id='word_1_13' title='bbox 567 389 693 471; x_wconf 85' lang='lat' dir='ltr'>pectus,</span> <span class='ocrx_word' id='word_1_14' title='bbox 720 385 806 470; x_wconf 92' lang='lat' dir='ltr'>quod</span> <span class='ocrx_word' id='word_1_15' title='bbox 832 386 947 453; x_wconf 81' lang='lat' dir='ltr'>infusa</span> <span class='ocrx_word' id='word_1_16' title='bbox 975 390 1063 474; x_wconf 86' lang='lat' dir='ltr'>prius</span> 
     </span>
     <span class='ocr_line' id='line_1_4' title="bbox 102 472 1062 565; baseline -0.001 -21"><span class='ocrx_word' id='word_1_17' title='bbox 102 476 326 565; x_wconf 83' lang='lat' dir='ltr'>philosophiae</span> <span class='ocrx_word' id='word_1_18' title='bbox 357 478 529 559; x_wconf 87' lang='lat' dir='ltr'>praecepta</span> <span class='ocrx_word' id='word_1_19' title='bbox 563 473 790 560; x_wconf 80' lang='lat' dir='ltr'>irrigaverint?</span> <span class='ocrx_word' id='word_1_20' title='bbox 840 472 948 541; x_wconf 93' lang='lat' dir='ltr'>Immo</span> <span class='ocrx_word' id='word_1_21' title='bbox 986 499 1062 543; x_wconf 82' lang='lat' dir='ltr'>vero</span> 
     </span>
     <span class='ocr_line' id='line_1_5' title="bbox 102 561 1062 647; baseline 0 -16"><span class='ocrx_word' id='word_1_22' title='bbox 102 565 228 631; x_wconf 89' lang='lat' dir='ltr'>etiamsi</span> <span class='ocrx_word' id='word_1_23' title='bbox 251 567 347 629; x_wconf 87' lang='lat' dir='ltr'>antea</span> <span class='ocrx_word' id='word_1_24' title='bbox 365 563 501 627; x_wconf 86' lang='lat' dir='ltr'>subiecti</span> <span class='ocrx_word' id='word_1_25' title='bbox 520 563 561 627; x_wconf 92' lang='lat' dir='ltr'>ab</span> <span class='ocrx_word' id='word_1_26' title='bbox 579 584 618 627; x_wconf 87' lang='lat' dir='ltr'>ea</span> <span class='ocrx_word' id='word_1_27' title='bbox 635 563 721 647; x_wconf 88' lang='lat' dir='ltr'>ignis</span> <span class='ocrx_word' id='word_1_28' title='bbox 741 561 861 645; x_wconf 90' lang='lat' dir='ltr'>aliquid</span> <span class='ocrx_word' id='word_1_29' title='bbox 879 562 969 629; x_wconf 80' lang='lat' dir='ltr'>forte</span> <span class='ocrx_word' id='word_1_30' title='bbox 989 585 1062 631; x_wconf 89' lang='lat' dir='ltr'>con·</span> 
     </span>
     <span class='ocr_line' id='line_1_6' title="bbox 102 649 1062 738; baseline 0 -19"><span class='ocrx_word' id='word_1_31' title='bbox 102 654 235 738; x_wconf 87' lang='lat' dir='ltr'>ceperit,</span> <span class='ocrx_word' id='word_1_32' title='bbox 261 652 295 716; x_wconf 91' lang='lat' dir='ltr'>id</span> <span class='ocrx_word' id='word_1_33' title='bbox 321 653 427 716; x_wconf 88' lang='lat' dir='ltr'>totum</span> <span class='ocrx_word' id='word_1_34' title='bbox 452 651 610 715; x_wconf 86' lang='lat' dir='ltr'>instillata</span> <span class='ocrx_word' id='word_1_35' title='bbox 637 649 843 734; x_wconf 85' lang='lat' dir='ltr'>philosophia</span> <span class='ocrx_word' id='word_1_36' title='bbox 869 652 1062 738; x_wconf 83' lang='lat' dir='ltr'>restinguet</span> 
     </span>
     <span class='ocr_line' id='line_1_7' title="bbox 101 738 1060 825; baseline 0 -19"><span class='ocrx_word' id='word_1_37' title='bbox 101 741 151 807; x_wconf 83' lang='lat' dir='ltr'>Ea</span> <span class='ocrx_word' id='word_1_38' title='bbox 189 739 276 804; x_wconf 89' lang='lat' dir='ltr'>enim</span> <span class='ocrx_word' id='word_1_39' title='bbox 311 738 468 823; x_wconf 87' lang='lat' dir='ltr'>magistra</span> <span class='ocrx_word' id='word_1_40' title='bbox 504 759 541 803; x_wconf 88' lang='lat' dir='ltr'>ac</span> <span class='ocrx_word' id='word_1_41' title='bbox 572 738 788 822; x_wconf 70' lang='lat' dir='ltr'>praeceptrice</span> <span class='ocrx_word' id='word_1_42' title='bbox 825 741 1060 825; x_wconf 82' lang='lat' dir='ltr'>cognoscimus,</span> 
     </span>
     <span class='ocr_line' id='line_1_8' title="bbox 101 825 1059 914; baseline 0 -22"><span class='ocrx_word' id='word_1_43' title='bbox 101 849 212 893; x_wconf 87' lang='lat' dir='ltr'>verum</span> <span class='ocrx_word' id='word_1_44' title='bbox 234 827 330 892; x_wconf 92' lang='lat' dir='ltr'>decus</span> <span class='ocrx_word' id='word_1_45' title='bbox 352 846 524 910; x_wconf 87' lang='lat' dir='ltr'>veramque</span> <span class='ocrx_word' id='word_1_46' title='bbox 547 826 683 912; x_wconf 87' lang='lat' dir='ltr'>gloriam</span> <span class='ocrx_word' id='word_1_47' title='bbox 705 826 740 890; x_wconf 91' lang='lat' dir='ltr'>in</span> <span class='ocrx_word' id='word_1_48' title='bbox 763 825 833 889; x_wconf 84' lang='lat' dir='ltr'>sola</span> <span class='ocrx_word' id='word_1_49' title='bbox 859 826 983 892; x_wconf 84' lang='lat' dir='ltr'>virtute</span> <span class='ocrx_word' id='word_1_50' title='bbox 1006 851 1059 914; x_wconf 91' lang='lat' dir='ltr'>pc·</span> 
     </span>
     <span class='ocr_line' id='line_1_9' title="bbox 102 912 1059 1000; baseline 0.003 -20"><span class='ocrx_word' id='word_1_51' title='bbox 102 917 197 980; x_wconf 89' lang='lat' dir='ltr'>sitam</span> <span class='ocrx_word' id='word_1_52' title='bbox 220 936 302 1000; x_wconf 81' lang='lat' dir='ltr'>essa3</span> <span class='ocrx_word' id='word_1_53' title='bbox 324 936 396 980; x_wconf 89' lang='lat' dir='ltr'>eam</span> <span class='ocrx_word' id='word_1_54' title='bbox 418 915 474 999; x_wconf 92' lang='lat' dir='ltr'>qui</span> <span class='ocrx_word' id='word_1_55' title='bbox 491 917 682 980; x_wconf 90' lang='lat' dir='ltr'>consecutus</span> <span class='ocrx_word' id='word_1_56' title='bbox 705 914 759 997; x_wconf 89' lang='lat' dir='ltr'>sit,</span> <span class='ocrx_word' id='word_1_57' title='bbox 782 912 859 996; x_wconf 91' lang='lat' dir='ltr'>quid</span> <span class='ocrx_word' id='word_1_58' title='bbox 883 914 941 979; x_wconf 89' lang='lat' dir='ltr'>alii</span> <span class='ocrx_word' id='word_1_59' title='bbox 964 916 1007 982; x_wconf 90' lang='lat' dir='ltr'>dc</span> <span class='ocrx_word' id='word_1_60' title='bbox 1028 938 1059 982; x_wconf 86' lang='lat' dir='ltr'>sc</span> 
     </span>
     <span class='ocr_line' id='line_1_10' title="bbox 99 1002 1059 1089; baseline 0 -19"><span class='ocrx_word' id='word_1_61' title='bbox 99 1004 255 1089; x_wconf 89' lang='lat' dir='ltr'>iudicent,</span> <span class='ocrx_word' id='word_1_62' title='bbox 286 1025 354 1070; x_wconf 90' lang='lat' dir='ltr'>nou</span> <span class='ocrx_word' id='word_1_63' title='bbox 385 1003 558 1068; x_wconf 87' lang='lat' dir='ltr'>admodum</span> <span class='ocrx_word' id='word_1_64' title='bbox 589 1002 736 1067; x_wconf 86' lang='lat' dir='ltr'>laborare</span> <span class='ocrx_word' id='word_1_65' title='bbox 768 1003 930 1086; x_wconf 79' lang='lat' dir='ltr'>oporter03</span> <span class='ocrx_word' id='word_1_66' title='bbox 969 1024 1059 1088; x_wconf 77' lang='lat' dir='ltr'>prae</span> 
     </span>
     <span class='ocr_line' id='line_1_11' title="bbox 101 1089 1059 1261; baseline 0.003 -17"><span class='ocrx_word' id='word_1_67' title='bbox 101 1093 193 1244; x_wconf 68' lang='lat' dir='ltr'>{ht</span> <span class='ocrx_word' id='word_1_68' title='bbox 216 1089 1059 1261; x_wconf 59' lang='grc'><strong>11111111111111111111</strong></span> 
     </span>
     <span class='ocr_line' id='line_1_12' title="bbox 101 1227 1059 1349; baseline 0.004 -18"><span class='ocrx_word' id='word_1_69' title='bbox 101 1287 195 1331; x_wconf 90' lang='lat' dir='ltr'>caeco</span> <span class='ocrx_word' id='word_1_70' title='bbox 220 1265 346 1348; x_wconf 89' lang='lat' dir='ltr'>saepius</span> <span class='ocrx_word' id='word_1_71' title='bbox 369 1268 403 1329; x_wconf 90' lang='lat' dir='ltr'>et</span> <span class='ocrx_word' id='word_1_72' title='bbox 422 1227 661 1330; x_wconf 83' lang='lat' dir='ltr'>iiiconsiderato</span> <span class='ocrx_word' id='word_1_73' title='bbox 684 1266 819 1349; x_wconf 92' lang='lat' dir='ltr'>impetu,</span> <span class='ocrx_word' id='word_1_74' title='bbox 848 1287 948 1348; x_wconf 89' lang='lat' dir='ltr'>quam</span> <span class='ocrx_word' id='word_1_75' title='bbox 971 1273 1059 1335; x_wconf 86' lang='lat' dir='ltr'>certo</span> 
     </span>
     <span class='ocr_line' id='line_1_13' title="bbox 101 1350 1060 1438; baseline 0.004 -20"><span class='ocrx_word' id='word_1_76' title='bbox 101 1357 134 1418; x_wconf 90' lang='lat' dir='ltr'>et</span> <span class='ocrx_word' id='word_1_77' title='bbox 155 1354 321 1437; x_wconf 85' lang='lat' dir='ltr'>explorato</span> <span class='ocrx_word' id='word_1_78' title='bbox 347 1350 467 1417; x_wconf 88' lang='lat' dir='ltr'>iudicio</span> <span class='ocrx_word' id='word_1_79' title='bbox 493 1351 605 1417; x_wconf 84' lang='lat' dir='ltr'>fertur.</span> <span class='ocrx_word' id='word_1_80' title='bbox 639 1351 807 1418; x_wconf 86' lang='lat' dir='ltr'>Praeclare</span> <span class='ocrx_word' id='word_1_81' title='bbox 834 1357 868 1416; x_wconf 90' lang='lat' dir='ltr'>et</span> <span class='ocrx_word' id='word_1_82' title='bbox 895 1356 1060 1438; x_wconf 77' lang='lat' dir='ltr'>sapienter</span> 
     </span>
     <span class='ocr_line' id='line_1_14' title="bbox 100 1439 1060 1525; baseline 0.002 -18"><span class='ocrx_word' id='word_1_83' title='bbox 100 1439 181 1507; x_wconf 79' lang='lat' dir='ltr'>Cato</span> <span class='ocrx_word' id='word_1_84' title='bbox 203 1441 299 1505; x_wconf 88' lang='lat' dir='ltr'>malle</span> <span class='ocrx_word' id='word_1_85' title='bbox 321 1461 356 1505; x_wconf 86' lang='lat' dir='ltr'>se</span> <span class='ocrx_word' id='word_1_86' title='bbox 379 1440 518 1524; x_wconf 89' lang='lat' dir='ltr'>dicebat,</span> <span class='ocrx_word' id='word_1_87' title='bbox 546 1461 697 1524; x_wconf 90' lang='lat' dir='ltr'>quaerere</span> <span class='ocrx_word' id='word_1_88' title='bbox 719 1440 881 1525; x_wconf 88' lang='lat' dir='ltr'>homines,</span> <span class='ocrx_word' id='word_1_89' title='bbox 908 1461 967 1507; x_wconf 87' lang='lat' dir='ltr'>cur</span> <span class='ocrx_word' id='word_1_90' title='bbox 998 1446 1060 1511; x_wconf 87' lang='lat' dir='ltr'>sibi</span> 
     </span>
     <span class='ocr_line' id='line_1_15' title="bbox 100 1529 1060 1615; baseline 0.004 -21"><span class='ocrx_word' id='word_1_91' title='bbox 100 1531 207 1613; x_wconf 90' lang='lat' dir='ltr'>posita</span> <span class='ocrx_word' id='word_1_92' title='bbox 233 1537 301 1594; x_wconf 87' lang='lat' dir='ltr'>non</span> <span class='ocrx_word' id='word_1_93' title='bbox 328 1532 412 1594; x_wconf 87' lang='lat' dir='ltr'>esset</span> <span class='ocrx_word' id='word_1_94' title='bbox 439 1532 559 1613; x_wconf 88' lang='lat' dir='ltr'>statua,</span> <span class='ocrx_word' id='word_1_95' title='bbox 590 1550 687 1612; x_wconf 88' lang='lat' dir='ltr'>quam</span> <span class='ocrx_word' id='word_1_96' title='bbox 714 1529 742 1594; x_wconf 92' lang='grc'>11</span> <span class='ocrx_word' id='word_1_97' title='bbox 769 1534 974 1615; x_wconf 88' lang='lat' dir='ltr'>quaererent,</span> <span class='ocrx_word' id='word_1_98' title='bbox 1002 1554 1060 1598; x_wconf 91' lang='lat' dir='ltr'>cur</span> 
     </span>
     <span class='ocr_line' id='line_1_16' title="bbox 100 1616 1059 1702; baseline 0.005 -21"><span class='ocrx_word' id='word_1_99' title='bbox 100 1617 207 1701; x_wconf 90' lang='lat' dir='ltr'>posita</span> <span class='ocrx_word' id='word_1_100' title='bbox 227 1617 351 1682; x_wconf 85' lang='lat' dir='ltr'>fuisset</span> <span class='ocrx_word' id='word_1_101' title='bbox 377 1616 502 1682; x_wconf 82' lang='lat' dir='ltr'>Eodem</span> <span class='ocrx_word' id='word_1_102' title='bbox 525 1616 633 1681; x_wconf 93' lang='lat' dir='ltr'>animo</span> <span class='ocrx_word' id='word_1_103' title='bbox 651 1620 727 1682; x_wconf 89' lang='lat' dir='ltr'>sunt</span> <span class='ocrx_word' id='word_1_104' title='bbox 740 1617 808 1681; x_wconf 87' lang='lat' dir='ltr'>veri</span> <span class='ocrx_word' id='word_1_105' title='bbox 827 1638 938 1682; x_wconf 90' lang='lat' dir='ltr'>omnes</span> <span class='ocrx_word' id='word_1_106' title='bbox 953 1619 1059 1702; x_wconf 92' lang='lat' dir='ltr'>philo-</span> 
     </span>
     <span class='ocr_line' id='line_1_17' title="bbox 100 1702 1059 1795; baseline 0.001 -26"><span class='ocrx_word' id='word_1_107' title='bbox 100 1705 203 1789; x_wconf 87' lang='lat' dir='ltr'>sophi.</span> <span class='ocrx_word' id='word_1_108' title='bbox 234 1703 316 1769; x_wconf 81' lang='lat' dir='ltr'>Esse</span> <span class='ocrx_word' id='word_1_109' title='bbox 335 1726 381 1789; x_wconf 91' lang='lat' dir='ltr'>se,</span> <span class='ocrx_word' id='word_1_110' title='bbox 404 1709 442 1769; x_wconf 90' lang='lat' dir='ltr'>ut</span> <span class='ocrx_word' id='word_1_111' title='bbox 464 1705 503 1769; x_wconf 92' lang='lat' dir='ltr'>de</span> <span class='ocrx_word' id='word_1_112' title='bbox 521 1703 720 1788; x_wconf 83' lang='lat' dir='ltr'>Amphiarao</span> <span class='ocrx_word' id='word_1_113' title='bbox 744 1705 790 1768; x_wconf 88' lang='lat' dir='ltr'>ait</span> <span class='ocrx_word' id='word_1_114' title='bbox 807 1702 1059 1795; x_wconf 75' lang='lat' dir='ltr'>Aeschylus**),</span> 
     </span>
     <span class='ocr_line' id='line_1_18' title="bbox 100 1791 1059 1878; baseline 0.003 -20"><span class='ocrx_word' id='word_1_115' title='bbox 100 1815 197 1878; x_wconf 92' lang='lat' dir='ltr'>quam</span> <span class='ocrx_word' id='word_1_116' title='bbox 228 1793 329 1866; x_wconf 82' lang='lat' dir='ltr'>videri</span> <span class='ocrx_word' id='word_1_117' title='bbox 361 1793 499 1876; x_wconf 90' lang='lat' dir='ltr'>optimos</span> <span class='ocrx_word' id='word_1_118' title='bbox 526 1793 660 1857; x_wconf 90' lang='lat' dir='ltr'>malunt.</span> <span class='ocrx_word' id='word_1_119' title='bbox 705 1791 854 1857; x_wconf 88' lang='lat' dir='ltr'>Honores</span> <span class='ocrx_word' id='word_1_120' title='bbox 882 1798 994 1858; x_wconf 89' lang='lat' dir='ltr'>autem</span> <span class='ocrx_word' id='word_1_121' title='bbox 1026 1801 1059 1861; x_wconf 87' lang='lat' dir='ltr'>ct</span> 
     </span>
     <span class='ocr_line' id='line_1_19' title="bbox 100 1881 1059 1967; baseline 0.003 -21"><span class='ocrx_word' id='word_1_122' title='bbox 100 1883 308 1967; x_wconf 82' lang='lat' dir='ltr'>magistratus</span> <span class='ocrx_word' id='word_1_123' title='bbox 331 1884 478 1945; x_wconf 88' lang='lat' dir='ltr'>autnon</span> <span class='ocrx_word' id='word_1_124' title='bbox 499 1882 628 1965; x_wconf 92' lang='lat' dir='ltr'>petunt,</span> <span class='ocrx_word' id='word_1_125' title='bbox 651 1884 708 1945; x_wconf 90' lang='lat' dir='ltr'>aut</span> <span class='ocrx_word' id='word_1_126' title='bbox 727 1881 864 1964; x_wconf 88' lang='lat' dir='ltr'>alienae,</span> <span class='ocrx_word' id='word_1_127' title='bbox 886 1902 955 1945; x_wconf 88' lang='lat' dir='ltr'>non</span> <span class='ocrx_word' id='word_1_128' title='bbox 979 1904 1059 1950; x_wconf 87' lang='lat' dir='ltr'>suae</span> 
     </span>
     <span class='ocr_line' id='line_1_20' title="bbox 99 1968 1058 2054; baseline 0.002 -20"><span class='ocrx_word' id='word_1_129' title='bbox 99 1971 249 2035; x_wconf 86' lang='lat' dir='ltr'>utilitatis</span> <span class='ocrx_word' id='word_1_130' title='bbox 277 1991 391 2035; x_wconf 87' lang='lat' dir='ltr'>caussa</span> <span class='ocrx_word' id='word_1_131' title='bbox 417 1971 547 2053; x_wconf 84' lang='lat' dir='ltr'>petunt3</span> <span class='ocrx_word' id='word_1_132' title='bbox 578 1990 682 2053; x_wconf 89' lang='lat' dir='ltr'>neque</span> <span class='ocrx_word' id='word_1_133' title='bbox 709 1969 737 2033; x_wconf 88' lang='lat' dir='ltr'>si</span> <span class='ocrx_word' id='word_1_134' title='bbox 759 1968 867 2052; x_wconf 90' lang='lat' dir='ltr'>adepti</span> <span class='ocrx_word' id='word_1_135' title='bbox 896 1969 976 2054; x_wconf 91' lang='lat' dir='ltr'>sint,</span> <span class='ocrx_word' id='word_1_136' title='bbox 1005 1993 1058 2036; x_wconf 88' lang='lat' dir='ltr'>ex·</span> 
     </span>
     <span class='ocr_line' id='line_1_21' title="bbox 100 2057 1058 2145; baseline 0.003 -22"><span class='ocrx_word' id='word_1_137' title='bbox 100 2060 235 2142; x_wconf 82' lang='lat' dir='ltr'>saltant,</span> <span class='ocrx_word' id='word_1_138' title='bbox 250 2079 367 2142; x_wconf 90' lang='lat' dir='ltr'>neque,</span> <span class='ocrx_word' id='word_1_139' title='bbox 381 2057 408 2121; x_wconf 92' lang='lat' dir='ltr'>si</span> <span class='ocrx_word' id='word_1_140' title='bbox 421 2057 584 2142; x_wconf 86' lang='lat' dir='ltr'>repulsam</span> <span class='ocrx_word' id='word_1_141' title='bbox 596 2057 744 2141; x_wconf 89' lang='lat' dir='ltr'>tulerint,</span> <span class='ocrx_word' id='word_1_142' title='bbox 758 2058 922 2141; x_wconf 88' lang='lat' dir='ltr'>anguntur</span> <span class='ocrx_word' id='word_1_143' title='bbox 936 2059 1058 2145; x_wconf 90' lang='lat' dir='ltr'>animo,</span> 
     </span>
     <span class='ocr_line' id='line_1_22' title="bbox 100 2144 1058 2232; baseline 0.004 -24"><span class='ocrx_word' id='word_1_144' title='bbox 100 2146 155 2209; x_wconf 90' lang='lat' dir='ltr'>sed</span> <span class='ocrx_word' id='word_1_145' title='bbox 164 2148 290 2228; x_wconf 89' lang='lat' dir='ltr'>placate</span> <span class='ocrx_word' id='word_1_146' title='bbox 298 2145 332 2210; x_wconf 93' lang='lat' dir='ltr'>id</span> <span class='ocrx_word' id='word_1_147' title='bbox 342 2148 374 2209; x_wconf 91' lang='lat' dir='ltr'>et</span> <span class='ocrx_word' id='word_1_148' title='bbox 382 2145 547 2210; x_wconf 86' lang='lat' dir='ltr'>moderate</span> <span class='ocrx_word' id='word_1_149' title='bbox 555 2145 679 2229; x_wconf 82' lang='lat' dir='ltr'>ferunt3</span> <span class='ocrx_word' id='word_1_150' title='bbox 693 2149 750 2210; x_wconf 90' lang='lat' dir='ltr'>aut</span> <span class='ocrx_word' id='word_1_151' title='bbox 759 2146 787 2208; x_wconf 90' lang='lat' dir='ltr'>si</span> <span class='ocrx_word' id='word_1_152' title='bbox 796 2144 924 2228; x_wconf 89' lang='lat' dir='ltr'>quando</span> <span class='ocrx_word' id='word_1_153' title='bbox 934 2145 1058 2232; x_wconf 89' lang='lat' dir='ltr'>dolent,</span> 
     </span>
     <span class='ocr_line' id='line_1_23' title="bbox 98 2230 1057 2320; baseline 0.007 -26"><span class='ocrx_word' id='word_1_154' title='bbox 98 2233 293 2314; x_wconf 88' lang='lat' dir='ltr'>reipublicae</span> <span class='ocrx_word' id='word_1_155' title='bbox 303 2232 413 2296; x_wconf 91' lang='lat' dir='ltr'>dolent</span> <span class='ocrx_word' id='word_1_156' title='bbox 422 2233 533 2317; x_wconf 86' lang='lat' dir='ltr'>vicem,</span> <span class='ocrx_word' id='word_1_157' title='bbox 546 2255 615 2297; x_wconf 91' lang='lat' dir='ltr'>non</span> <span class='ocrx_word' id='word_1_158' title='bbox 627 2255 728 2297; x_wconf 87' lang='lat' dir='ltr'>suam.</span> <span class='ocrx_word' id='word_1_159' title='bbox 751 2230 921 2296; x_wconf 81' lang='lat' dir='ltr'>Caesarem</span> <span class='ocrx_word' id='word_1_160' title='bbox 933 2233 1057 2320; x_wconf 87' lang='lat' dir='ltr'>ferunt,</span> 
     </span>
     <span class='ocr_line' id='line_1_24' title="bbox 99 2319 1057 2409; baseline 0.005 -26"><span class='ocrx_word' id='word_1_161' title='bbox 99 2340 172 2383; x_wconf 91' lang='lat' dir='ltr'>cum</span> <span class='ocrx_word' id='word_1_162' title='bbox 194 2319 418 2402; x_wconf 89' lang='lat' dir='ltr'>pontificatum</span> <span class='ocrx_word' id='word_1_163' title='bbox 440 2321 599 2403; x_wconf 89' lang='lat' dir='ltr'>petiturus</span> <span class='ocrx_word' id='word_1_164' title='bbox 622 2320 663 2384; x_wconf 88' lang='lat' dir='ltr'>ad</span> <span class='ocrx_word' id='word_1_165' title='bbox 686 2319 816 2383; x_wconf 92' lang='lat' dir='ltr'>comitia</span> <span class='ocrx_word' id='word_1_166' title='bbox 839 2320 1057 2409; x_wconf 85' lang='lat' dir='ltr'>descenderet,</span> 
     </span>
     <span class='ocr_line' id='line_1_25' title="bbox 98 2405 1057 2491; baseline 0.005 -21"><span class='ocrx_word' id='word_1_167' title='bbox 98 2407 195 2470; x_wconf 87' lang='lat' dir='ltr'>matri</span> <span class='ocrx_word' id='word_1_168' title='bbox 213 2406 342 2491; x_wconf 87' lang='lat' dir='ltr'>dixisse,</span> <span class='ocrx_word' id='word_1_169' title='bbox 359 2406 449 2470; x_wconf 86' lang='lat' dir='ltr'>ssiam</span> <span class='ocrx_word' id='word_1_170' title='bbox 468 2425 505 2471; x_wconf 88' lang='lat' dir='ltr'>eo</span> <span class='ocrx_word' id='word_1_171' title='bbox 525 2408 575 2471; x_wconf 94' lang='lat' dir='ltr'>die</span> <span class='ocrx_word' id='word_1_172' title='bbox 594 2410 651 2471; x_wconf 90' lang='lat' dir='ltr'>aut</span> <span class='ocrx_word' id='word_1_173' title='bbox 669 2405 856 2490; x_wconf 89' lang='lat' dir='ltr'>pontificem</span> <span class='ocrx_word' id='word_1_174' title='bbox 868 2408 1057 2476; x_wconf 88' lang='lat' dir='ltr'>habituram</span> 
     </span>
     <span class='ocr_line' id='line_1_26' title="bbox 98 2493 1057 2579; baseline 0.005 -21"><span class='ocrx_word' id='word_1_175' title='bbox 98 2494 213 2579; x_wconf 90' lang='lat' dir='ltr'>filium,</span> <span class='ocrx_word' id='word_1_176' title='bbox 233 2497 289 2559; x_wconf 89' lang='lat' dir='ltr'>aut</span> <span class='ocrx_word' id='word_1_177' title='bbox 306 2495 456 2558; x_wconf 85' lang='lat' dir='ltr'>exsulem.</span> <span class='ocrx_word' id='word_1_178' title='bbox 488 2493 559 2559; x_wconf 88' lang='lat' dir='ltr'>Iam</span> <span class='ocrx_word' id='word_1_179' title='bbox 576 2496 647 2558; x_wconf 92' lang='lat' dir='ltr'>tum</span> <span class='ocrx_word' id='word_1_180' title='bbox 663 2495 847 2579; x_wconf 85' lang='lat' dir='ltr'>praesagire</span> <span class='ocrx_word' id='word_1_181' title='bbox 866 2517 904 2560; x_wconf 87' lang='lat' dir='ltr'>ac</span> <span class='ocrx_word' id='word_1_182' title='bbox 921 2516 1057 2579; x_wconf 89' lang='lat' dir='ltr'>praeco·</span> 
     </span>
     <span class='ocr_line' id='line_1_27' title="bbox 99 2581 1057 2668; baseline 0.005 -21"><span class='ocrx_word' id='word_1_183' title='bbox 99 2602 252 2667; x_wconf 88' lang='lat' dir='ltr'>gnoscere</span> <span class='ocrx_word' id='word_1_184' title='bbox 273 2582 404 2666; x_wconf 87' lang='lat' dir='ltr'>licebat,</span> <span class='ocrx_word' id='word_1_185' title='bbox 432 2582 641 2647; x_wconf 89' lang='lat' dir='ltr'>ambitionem</span> <span class='ocrx_word' id='word_1_186' title='bbox 667 2581 757 2646; x_wconf 92' lang='lat' dir='ltr'>illam</span> <span class='ocrx_word' id='word_1_187' title='bbox 783 2583 899 2668; x_wconf 83' lang='lat' dir='ltr'>ingens</span> <span class='ocrx_word' id='word_1_188' title='bbox 923 2584 1057 2668; x_wconf 89' lang='lat' dir='ltr'>aliquod</span> 
     </span>
     <span class='ocr_line' id='line_1_28' title="bbox 97 2668 1057 2759; baseline 0.004 -25"><span class='ocrx_word' id='word_1_189' title='bbox 97 2671 219 2734; x_wconf 90' lang='lat' dir='ltr'>malum</span> <span class='ocrx_word' id='word_1_190' title='bbox 232 2670 355 2735; x_wconf 85' lang='lat' dir='ltr'>civitati</span> <span class='ocrx_word' id='word_1_191' title='bbox 368 2669 525 2734; x_wconf 89' lang='lat' dir='ltr'>daturam.</span> <span class='ocrx_word' id='word_1_192' title='bbox 547 2668 674 2754; x_wconf 88' lang='lat' dir='ltr'>Itaque,</span> <span class='ocrx_word' id='word_1_193' title='bbox 688 2670 766 2753; x_wconf 92' lang='lat' dir='ltr'>quid</span> <span class='ocrx_word' id='word_1_194' title='bbox 778 2674 891 2755; x_wconf 87' lang='lat' dir='ltr'>postea</span> <span class='ocrx_word' id='word_1_195' title='bbox 905 2671 1057 2759; x_wconf 87' lang='lat' dir='ltr'>effecerit,</span> 
     </span>
     <span class='ocr_line' id='line_1_29' title="bbox 98 2755 1056 2842; baseline 0.004 -20"><span class='ocrx_word' id='word_1_196' title='bbox 98 2757 250 2824; x_wconf 83' lang='lat' dir='ltr'>videmus.</span> <span class='ocrx_word' id='word_1_197' title='bbox 286 2755 431 2822; x_wconf 74' lang='grc'><strong>110110</strong></span> <span class='ocrx_word' id='word_1_198' title='bbox 453 2758 489 2821; x_wconf 91' lang='lat' dir='ltr'>in</span> <span class='ocrx_word' id='word_1_199' title='bbox 510 2757 666 2842; x_wconf 90' lang='lat' dir='ltr'>petitione</span> <span class='ocrx_word' id='word_1_200' title='bbox 683 2762 853 2842; x_wconf 90' lang='lat' dir='ltr'>praeturae</span> <span class='ocrx_word' id='word_1_201' title='bbox 872 2759 969 2823; x_wconf 87' lang='lat' dir='ltr'>etiam</span> <span class='ocrx_word' id='word_1_202' title='bbox 988 2760 1056 2826; x_wconf 87' lang='lat' dir='ltr'>Va·</span> 
     </span>
     <span class='ocr_line' id='line_1_30' title="bbox 98 2845 1054 2930; baseline 0.003 -20"><span class='ocrx_word' id='word_1_203' title='bbox 98 2846 180 2910; x_wconf 92' lang='lat' dir='ltr'>tinio</span> <span class='ocrx_word' id='word_1_204' title='bbox 189 2845 404 2930; x_wconf 89' lang='lat' dir='ltr'>posthabitus,</span> <span class='ocrx_word' id='word_1_205' title='bbox 419 2845 610 2929; x_wconf 86' lang='lat' dir='ltr'>aequissimo</span> <span class='ocrx_word' id='word_1_206' title='bbox 626 2867 663 2910; x_wconf 91' lang='lat' dir='ltr'>ao</span> <span class='ocrx_word' id='word_1_207' title='bbox 676 2847 932 2911; x_wconf 88' lang='lat' dir='ltr'>moderatissimo</span> <span class='ocrx_word' id='word_1_208' title='bbox 943 2849 1054 2913; x_wconf 91' lang='lat' dir='ltr'>animo</span> 
     </span>
     <span class='ocr_line' id='line_1_31' title="bbox 97 2932 1053 3018; baseline 0.002 -20"><span class='ocrx_word' id='word_1_209' title='bbox 97 2933 181 2998; x_wconf 88' lang='lat' dir='ltr'>tulit.</span> <span class='ocrx_word' id='word_1_210' title='bbox 216 2932 268 2997; x_wconf 89' lang='lat' dir='ltr'>lta</span> <span class='ocrx_word' id='word_1_211' title='bbox 286 2937 363 2998; x_wconf 88' lang='lat' dir='ltr'>sunt</span> <span class='ocrx_word' id='word_1_212' title='bbox 384 2932 582 3018; x_wconf 87' lang='lat' dir='ltr'>philosophi:</span> <span class='ocrx_word' id='word_1_213' title='bbox 604 2933 778 2998; x_wconf 85' lang='lat' dir='ltr'>maximam</span> <span class='ocrx_word' id='word_1_214' title='bbox 795 2934 994 3018; x_wconf 83' lang='lat' dir='ltr'>voluptatem</span> <span class='ocrx_word' id='word_1_215' title='bbox 1018 2937 1053 3000; x_wconf 91' lang='lat' dir='ltr'>in</span> 
     </span>
     <span class='ocr_line' id='line_1_32' title="bbox 97 3021 1053 3107; baseline 0.001 -21"><span class='ocrx_word' id='word_1_216' title='bbox 97 3021 390 3107; x_wconf 87' lang='lat' dir='ltr'>praetermittendis</span> <span class='ocrx_word' id='word_1_217' title='bbox 430 3021 665 3105; x_wconf 86' lang='lat' dir='ltr'>voluptatibus,</span> <span class='ocrx_word' id='word_1_218' title='bbox 703 3022 859 3086; x_wconf 87' lang='lat' dir='ltr'>maximas</span> <span class='ocrx_word' id='word_1_219' title='bbox 900 3043 976 3106; x_wconf 90' lang='lat' dir='ltr'>opes</span> <span class='ocrx_word' id='word_1_220' title='bbox 1018 3025 1053 3088; x_wconf 90' lang='lat' dir='ltr'>in</span> 
     </span>
    </p>
   </div>
   <div class='ocr_carea' id='block_1_3' title="bbox 99 3188 1053 3546">
    <p class='ocr_par' dir='ltr' id='par_1_3' title="bbox 99 3188 1053 3405">
     <span class='ocr_line' id='line_1_33' title="bbox 151 3188 1052 3280; baseline 0.001 -32"><span class='ocrx_word' id='word_1_221' title='bbox 151 3194 177 3263; x_wconf 82' lang='grc'>*)</span> <span class='ocrx_word' id='word_1_222' title='bbox 196 3192 322 3262; x_wconf 83' lang='lat' dir='ltr'>Thucyd.</span> <span class='ocrx_word' id='word_1_223' title='bbox 342 3194 376 3248; x_wconf 88' lang='grc' dir='ltr'>Π.</span> <span class='ocrx_word' id='word_1_224' title='bbox 395 3199 438 3248; x_wconf 83' lang='lat'>44.</span> <span class='ocrx_word' id='word_1_225' title='bbox 457 3188 489 3247; x_wconf 81' lang='grc' dir='ltr'>τὸ</span> <span class='ocrx_word' id='word_1_226' title='bbox 509 3189 562 3262; x_wconf 77' lang='grc' dir='ltr'>γὰρ</span> <span class='ocrx_word' id='word_1_227' title='bbox 581 3188 728 3264; x_wconf 78' lang='grc' dir='ltr'><strong><em>φιλότιμον</em></strong></span> <span class='ocrx_word' id='word_1_228' title='bbox 746 3188 860 3263; x_wconf 72' lang='grc' dir='ltr'><strong><em>ἀγήρων</em></strong></span> <span class='ocrx_word' id='word_1_229' title='bbox 871 3189 980 3280; x_wconf 62' lang='grc' dir='ltr'>Εμόνον,</span> <span class='ocrx_word' id='word_1_230' title='bbox 1003 3196 1052 3250; x_wconf 78' lang='lat' dir='ltr'>aul</span> 
     </span>
     <span class='ocr_line' id='line_1_34' title="bbox 99 3257 1053 3334; baseline 0.001 -16"><span class='ocrx_word' id='word_1_231' title='bbox 99 3258 152 3319; x_wconf 76' lang='lat' dir='ltr'>ocia</span> <span class='ocrx_word' id='word_1_232' title='bbox 175 3257 207 3319; x_wconf 80' lang='grc' dir='ltr'>ἒν</span> <span class='ocrx_word' id='word_1_233' title='bbox 229 3263 267 3334; x_wconf 74' lang='grc' dir='ltr'>τῷ</span> <span class='ocrx_word' id='word_1_234' title='bbox 290 3258 393 3334; x_wconf 76' lang='grc' dir='ltr'><em>ἀχρείῳ</em></span> <span class='ocrx_word' id='word_1_235' title='bbox 412 3264 462 3332; x_wconf 82' lang='grc' dir='ltr'>τῆς</span> <span class='ocrx_word' id='word_1_236' title='bbox 479 3257 588 3332; x_wconf 77' lang='grc' dir='ltr'><strong><em>ἡλικίας</em></strong></span> <span class='ocrx_word' id='word_1_237' title='bbox 610 3260 643 3318; x_wconf 80' lang='grc' dir='ltr'>τὸ</span> <span class='ocrx_word' id='word_1_238' title='bbox 666 3265 838 3334; x_wconf 78' lang='grc' dir='ltr'><strong><em>κερδαίνειν,</em></strong></span> <span class='ocrx_word' id='word_1_239' title='bbox 861 3282 954 3334; x_wconf 79' lang='grc' dir='ltr'><strong><em>ωσπερ</em></strong></span> <span class='ocrx_word' id='word_1_240' title='bbox 977 3265 1053 3329; x_wconf 81' lang='grc' dir='ltr'><strong><em>τινές</em></strong></span> 
     </span>
     <span class='ocr_line' id='line_1_35' title="bbox 100 3328 733 3405; baseline 0 -17"><span class='ocrx_word' id='word_1_241' title='bbox 100 3351 182 3405; x_wconf 85' lang='grc' dir='ltr'><strong><em>φασι,</em></strong></span> <span class='ocrx_word' id='word_1_242' title='bbox 226 3332 304 3388; x_wconf 71' lang='grc' dir='ltr'><strong><em>’λλον</em></strong></span> <span class='ocrx_word' id='word_1_243' title='bbox 321 3332 431 3402; x_wconf 77' lang='grc' dir='ltr'><strong><em>τέρπει,</em></strong></span> <span class='ocrx_word' id='word_1_244' title='bbox 450 3328 519 3387; x_wconf 73' lang='grc' dir='ltr'><strong><em>ἀλλὰ</em></strong></span> <span class='ocrx_word' id='word_1_245' title='bbox 537 3331 570 3387; x_wconf 82' lang='grc' dir='ltr'>τὸ</span> <span class='ocrx_word' id='word_1_246' title='bbox 588 3334 733 3403; x_wconf 74' lang='grc' dir='ltr'><strong><em>τιμᾶσθαι.</em></strong></span> 
     </span>
    </p>

    <p class='ocr_par' dir='ltr' id='par_1_4' title="bbox 134 3353 900 3546">
     <span class='ocr_line' id='line_1_36' title="bbox 134 3353 578 3475; baseline -0.011 -13"><span class='ocrx_word' id='word_1_247' title='bbox 134 3407 176 3475; x_wconf 78' lang='grc'>**)</span> <span class='ocrx_word' id='word_1_248' title='bbox 195 3353 310 3475; x_wconf 61' lang='lat' dir='ltr'>dipteri</span> <span class='ocrx_word' id='word_1_249' title='bbox 328 3405 391 3459; x_wconf 83' lang='lat' dir='ltr'>adv.</span> <span class='ocrx_word' id='word_1_250' title='bbox 410 3402 499 3458; x_wconf 82' lang='lat' dir='ltr'>Theb.</span> <span class='ocrx_word' id='word_1_251' title='bbox 518 3408 578 3458; x_wconf 81' lang='lat'>591.</span> 
     </span>
     <span class='ocr_line' id='line_1_37' title="bbox 251 3468 900 3546; baseline -0.002 -16"><span class='ocrx_word' id='word_1_252' title='bbox 251 3469 294 3530; x_wconf 79' lang='lat' dir='ltr'>Oi</span> <span class='ocrx_word' id='word_1_253' title='bbox 313 3470 367 3546; x_wconf 73' lang='grc' dir='ltr'>γὰρ</span> <span class='ocrx_word' id='word_1_254' title='bbox 386 3476 482 3530; x_wconf 78' lang='grc' dir='ltr'><strong><em>δοκεῖν</em></strong></span> <span class='ocrx_word' id='word_1_255' title='bbox 499 3468 623 3543; x_wconf 78' lang='grc' dir='ltr'><strong><em>ἄριστος,</em></strong></span> <span class='ocrx_word' id='word_1_256' title='bbox 642 3468 700 3527; x_wconf 74' lang='grc' dir='ltr'><strong><em>ἀλλ’</em></strong></span> <span class='ocrx_word' id='word_1_257' title='bbox 720 3469 794 3528; x_wconf 83' lang='grc' dir='ltr'><strong><em>εἷναι</em></strong></span> <span class='ocrx_word' id='word_1_258' title='bbox 811 3472 900 3529; x_wconf 73' lang='grc' dir='ltr'><strong><em>θέλει.</em></strong></span> 
     </span>
    </p>
   </div>
   <div class='ocr_carea' id='block_1_4' title="bbox 0 0 1170 3824">
    <p class='ocr_par' dir='ltr' id='par_1_5' title="bbox 0 0 1170 3824">
     <span class='ocr_line' id='line_1_38' title="bbox 0 0 1170 3824; baseline 0 1"><span class='ocrx_word' id='word_1_259' title='bbox 0 0 1170 3824; x_wconf 95' lang='lat' dir='ltr'> </span> 
     </span>
    </p>
   </div>
  </div>
 </body>
</html>
