2332 3824
161 182 205 246 64
536 180 673 236 ouurlo
691 179 738 236 VI.

161 329 266 394 cultus
289 330 323 391 et
344 326 488 392 omnium
513 346 621 389 rerum
644 324 894 409 expetendarum
917 327 1120 396 abundantis

162 416 376 500 consequitur.
398 413 482 479 Eam
496 412 524 478 si
538 413 681 479 colerent
695 434 815 498 omnes,
828 435 1003 498 nunquam
1016 419 1121 504 tuboe,

161 525 329 588 nunquam
359 502 432 566 h'tui
463 501 665 586 audirentur,
696 522 786 566 erma
818 505 875 565 eut
907 504 1121 573 exederentur

160 592 323 676 rubigine,
356 592 413 653 eut
438 589 474 652 in
500 589 626 673 ligones
653 610 691 655 eo
717 609 863 655 vomeres
891 591 1121 680 conflarentur,

161 680 249 761 belli,
272 677 494 761 dissensionis,
515 677 756 742 mimicitierum
773 679 971 744 nonomine
993 683 1121 765 quidem

160 765 346 831 hominibus
373 765 505 850 cognite
531 768 646 830 essent.
688 764 780 841 Quod
807 765 886 830 saite
914 789 995 833 sone
1026 776 1123 838 etex

160 854 284 937 patriae
317 875 393 918 suae
421 853 651 918 consuetudine
678 853 850 938 Agesilaus
877 859 1056 945 expressim
1089 884 1122 927 ex

162 963 224 1024 quo
253 963 326 1008 oum
351 943 532 1026 quaesitum
560 944 657 1025 esset,
683 945 758 1007 utre
785 945 869 1006 esset
896 943 1003 1010 virtus
1033 971 1122 1033 prae-

161 1032 312 1116 stentior‚
340 1031 506 1096 iustitiaue
529 1051 573 1093 an
594 1029 766 1114 fortitudo,
787 1030 881 1114 haee,
904 1031 1030 1120 inquit,
1056 1039 1122 1104 sine

161 1119 218 1183 illa
244 1123 372 1184 tentum
400 1118 441 1183 ad
467 1117 641 1200 perniciem
663 1119 761 1202 ualet,
789 1122 824 1182 et
849 1119 898 1184 illi
927 1120 956 1185 si
983 1131 1124 1208 pareunt

162 1228 287 1290 omnes,
308 1207 405 1270 huius
427 1226 504 1269 usus
526 1205 635 1270 nullus
658 1206 787 1271 famaus
810 1210 867 1271 est.

334 1341 423 1395 Tutus
441 1341 488 1395 boe
505 1343 602 1397 domim
614 1360 684 1398 rura
697 1344 886 1413 perambulat,

331 1412 432 1466 Nutrit
447 1427 518 1466 rura
537 1413 614 1468 Ceres
632 1416 755 1483 almaque
772 1415 933 1480 Faustitas,

335 1483 471 1538 Paratum
488 1484 606 1539 uolitaret
620 1501 671 1553 per
687 1502 763 1540 mare
779 1486 903 1552 navitae,

426 1553 546 1622 Culpari
558 1557 653 1609 metuit
668 1556 742 1622 fides.

332 1624 427 1678 Nuiiis
440 1626 579 1694 polluitur
597 1630 673 1679 easta
689 1627 785 1681 damus
802 1627 920 1695 stupris,

334 1695 400 1748 Mas
417 1700 442 1749 et
461 1697 504 1750 lea
521 1696 687 1750 maculosum
704 1696 823 1751 edomuit
840 1697 932 1764 mfas,

333 1765 502 1821 Laudamur
519 1766 605 1820 simili
618 1766 697 1834 prole
712 1782 875 1836 puerperae,

426 1836 543 1905 Culpam
555 1851 648 1904 poema
659 1839 761 1904 premit
779 1853 871 1904 coma,

162 1962 429 2049 quemadmodum
451 1963 638 2028 suavissime
661 1963 776 2027 oeeinit
797 1962 1005 2052 Horatius*).
1043 1971 1125 2040 Ubi-

162 2074 287 2136 cunque
306 2052 429 2116 iustitia
446 2050 643 2135 dominatur,
660 2051 750 2116 illino
767 2051 909 2136 fraudes,
932 2053 1029 2124 illino
1049 2061 1124 2149 doh',

160 2141 250 2204 illino
272 2140 413 2223 periuria
431 2141 591 2224 exsulant3
614 2161 682 2204 nou
701 2140 850 2225 adulteri,
872 2162 941 2207 non
959 2152 1124 2238 raptores,

161 2247 228 2290 uon
250 2226 351 2309 fures,
374 2250 441 2294 uon
465 2227 583 2312 sicarii,
608 2249 676 2294 non
698 2229 845 2312 venefici,
872 2250 940 2294 non
962 2231 1124 2326 latrones,

160 2334 228 2377 nou
241 2315 508 2381 testamentorum
523 2315 730 2398 subteriores,
743 2336 812 2381 non
824 2316 1011 2386 obsessores
1027 2326 1122 2394 itine-

160 2421 232 2464 rum
250 2401 465 2486 reperiuutur‚
489 2424 527 2466 ea
545 2402 681 2484 denique
701 2405 933 2486 propemodum
952 2416 1123 2502 eveniunt,

161 2509 242 2570 quae
257 2510 371 2553 aureae
390 2490 505 2554 aetatis
523 2489 708 2554 hominibus
722 2491 866 2557 evenisse
884 2509 1122 2573 memorantur.

55 2629 59 2643 ,
159 2573 246 2640 Nam
268 2597 309 2641 ne
332 2579 402 2642 tum
426 2577 553 2662 quidem
576 2576 673 2640 aliam
696 2578 738 2641 ob
762 2599 908 2645 caussam

271 2697 324 2752 Ver
341 2703 401 2752 erat
418 2701 570 2762 aeteruum
579 2697 737 2767 placideque
754 2700 904 2768 tepentibus
921 2704 1002 2759 auris

267 2769 429 2824 Muleebout
447 2767 568 2838 Zephyri
585 2774 665 2824 matos
682 2770 741 2824 siue
758 2772 856 2826 saraim
872 2771 965 2838 fleres,

265 2838 324 2894 Nee
341 2843 487 2895 remoratus
505 2855 569 2909 aper
587 2840 711 2909 pra—aidis
729 2841 841 2897 eambat
859 2840 967 2906 aristis,

161 2966 257 3029 quam
280 2947 434 3030 quoniam
455 2948 602 3014 homines

248 3066 350 3136 Spoute
367 3083 420 3122 sua
437 3069 495 3123 siue
514 3068 568 3137 iepe
585 3067 665 3135 auem
682 3073 833 3138 rerumque
847 3069 1018 3141 aoiebaut**)

226 3189 339 3276 Neque
372 3193 458 3258 enim
490 3191 642 3258 debemus
672 3194 728 3259 ille
758 3197 927 3279 petitarum
958 3195 1123 3282 figmenta

160 3283 317 3364 tanquam
333 3280 445 3346 inania
458 3280 553 3346 modo
569 3282 726 3365 quaedam
739 3283 864 3350 aurium
878 3283 1122 3362 oblectamenta

214 3437 239 3505 ¹¹³)
258 3435 348 3490 Oorm.
366 3436 412 3491 IV.
433 3441 457 3490 t.
477 3442 518 3490 1r.

197 3509 238 3562 *it
258 3505 337 3606 (Jvid.
356 3505 541 3579 Metamorph.
563 3514 586 3562 1.
604 3515 663 3563 107.
682 3511 712 3563 et
729 3514 771 3563 90.
