<?xml version="1.0" encoding="UTF-8"?>
<!DOCTYPE html PUBLIC "-//W3C//DTD XHTML 1.0 Transitional//EN"
    "http://www.w3.org/TR/xhtml1/DTD/xhtml1-transitional.dtd">
<html xmlns="http://www.w3.org/1999/xhtml" xml:lang="en" lang="en">
 <head>
  <title>
</title>
<meta http-equiv="Content-Type" content="text/html;charset=utf-8" />
  <meta name='ocr-system' content='tesseract 3.04.00' />
  <meta name='ocr-capabilities' content='ocr_page ocr_carea ocr_par ocr_line ocrx_word'/>
</head>
<body>
  <div class='ocr_page' id='page_1' title='image "./scriptaselecta00muregoog_0051.png"; bbox 0 0 2332 3824; ppageno 0'>
   <div class='ocr_carea' id='block_1_1' title="bbox 530 139 733 197">
    <p class='ocr_par' dir='ltr' id='par_1_1' title="bbox 530 139 733 197">
     <span class='ocr_line' id='line_1_1' title="bbox 530 139 733 197; baseline -0.005 -2"><span class='ocrx_word' id='word_1_1' title='bbox 530 139 667 197; x_wconf 83' lang='lat' dir='ltr'><strong>ORATIO</strong></span> <span class='ocrx_word' id='word_1_2' title='bbox 685 139 733 195; x_wconf 86' lang='lat' dir='ltr'><strong>IV.</strong></span> 
     </span>
    </p>
   </div>
   <div class='ocr_carea' id='block_1_2' title="bbox 239 496 1032 733">
    <p class='ocr_par' dir='ltr' id='par_1_2' title="bbox 239 496 1032 733">
     <span class='ocr_line' id='line_1_2' title="bbox 239 496 1032 562; baseline 0.004 -3"><span class='ocrx_word' id='word_1_3' title='bbox 239 501 291 560; x_wconf 84' lang='lat' dir='ltr'><strong>oa</strong></span> <span class='ocrx_word' id='word_1_4' title='bbox 313 496 487 558; x_wconf 74' lang='lat' dir='ltr'><strong>nonime</strong></span> <span class='ocrx_word' id='word_1_5' title='bbox 509 496 800 558; x_wconf 77' lang='lat' dir='ltr'><strong>remosoefflra</strong></span> <span class='ocrx_word' id='word_1_6' title='bbox 822 497 1032 562; x_wconf 74' lang='lat' dir='ltr'><strong>nicolaus</strong></span> 
     </span>
     <span class='ocr_line' id='line_1_3' title="bbox 474 649 791 733; baseline 0.003 -1"><span class='ocrx_word' id='word_1_7' title='bbox 474 649 687 733; x_wconf 84' lang='lat' dir='ltr'>ORATIO</span> <span class='ocrx_word' id='word_1_8' title='bbox 718 651 791 733; x_wconf 88' lang='lat' dir='ltr'><strong>IV.</strong></span> 
     </span>
    </p>
   </div>
   <div class='ocr_carea' id='block_1_3' title="bbox 225 822 1046 870">
    <p class='ocr_par' dir='ltr' id='par_1_3' title="bbox 225 822 1046 870">
     <span class='ocr_line' id='line_1_4' title="bbox 225 822 1046 870; baseline 0.007 -6"><span class='ocrx_word' id='word_1_9' title='bbox 225 822 345 866; x_wconf 69' lang='lat' dir='ltr'><strong>nnuma</strong></span> <span class='ocrx_word' id='word_1_10' title='bbox 362 822 468 866; x_wconf 73' lang='lat' dir='ltr'><strong>Roman</strong></span> <span class='ocrx_word' id='word_1_11' title='bbox 486 824 550 866; x_wconf 82' lang='lat' dir='ltr'>XVI.</span> <span class='ocrx_word' id='word_1_12' title='bbox 567 823 637 865; x_wconf 74' lang='lat' dir='ltr'><strong>nnn.</strong></span> <span class='ocrx_word' id='word_1_13' title='bbox 655 823 785 866; x_wconf 67' lang='lat' dir='ltr'><strong>Ducena.</strong></span> <span class='ocrx_word' id='word_1_14' title='bbox 803 824 888 867; x_wconf 78' lang='lat' dir='ltr'>ANNO</span> <span class='ocrx_word' id='word_1_15' title='bbox 905 825 1046 870; x_wconf 72' lang='lat' dir='ltr'><strong>mnnxm„</strong></span> 
     </span>
    </p>
   </div>
   <div class='ocr_carea' id='block_1_4' title="bbox 153 982 1117 3531">
    <p class='ocr_par' dir='ltr' id='par_1_4' title="bbox 153 982 1117 3531">
     <span class='ocr_line' id='line_1_5' title="bbox 220 982 1117 1074; baseline 0.006 -24"><span class='ocrx_word' id='word_1_16' title='bbox 220 982 332 1050; x_wconf 89' lang='lat' dir='ltr'><strong>Veteri</strong></span> <span class='ocrx_word' id='word_1_17' title='bbox 348 984 579 1051; x_wconf 87' lang='lat' dir='ltr'><strong>consuetudine</strong></span> <span class='ocrx_word' id='word_1_18' title='bbox 598 988 763 1068; x_wconf 88' lang='lat' dir='ltr'><strong>receptum</strong></span> <span class='ocrx_word' id='word_1_19' title='bbox 777 987 839 1065; x_wconf 89' lang='lat' dir='ltr'><strong>est,</strong></span> <span class='ocrx_word' id='word_1_20' title='bbox 856 987 894 1048; x_wconf 87' lang='lat' dir='ltr'><strong>ut</strong></span> <span class='ocrx_word' id='word_1_21' title='bbox 913 1006 1029 1052; x_wconf 86' lang='lat' dir='ltr'><strong>omnes</strong></span> <span class='ocrx_word' id='word_1_22' title='bbox 1034 1039 1044 1072; x_wconf 97' lang='lat'><strong>,</strong></span> <span class='ocrx_word' id='word_1_23' title='bbox 1064 990 1117 1074; x_wconf 90' lang='lat' dir='ltr'><strong>qui</strong></span> 
     </span>
     <span class='ocr_line' id='line_1_6' title="bbox 155 1071 1116 1158; baseline 0.004 -20"><span class='ocrx_word' id='word_1_24' title='bbox 155 1076 258 1138; x_wconf 88' lang='lat' dir='ltr'><strong>artem</strong></span> <span class='ocrx_word' id='word_1_25' title='bbox 285 1073 426 1157; x_wconf 83' lang='lat' dir='ltr'>aliquam</span> <span class='ocrx_word' id='word_1_26' title='bbox 457 1073 585 1157; x_wconf 91' lang='lat' dir='ltr'><strong>publice</strong></span> <span class='ocrx_word' id='word_1_27' title='bbox 612 1071 790 1137; x_wconf 85' lang='lat' dir='ltr'><strong>docendam</strong></span> <span class='ocrx_word' id='word_1_28' title='bbox 819 1073 1016 1158; x_wconf 84' lang='lat' dir='ltr'><strong>suscipiunt,</strong></span> <span class='ocrx_word' id='word_1_29' title='bbox 1046 1099 1116 1142; x_wconf 89' lang='lat' dir='ltr'><strong>eam</strong></span> 
     </span>
     <span class='ocr_line' id='line_1_7' title="bbox 153 1160 1115 1246; baseline 0.006 -21"><span class='ocrx_word' id='word_1_30' title='bbox 153 1163 292 1246; x_wconf 89' lang='lat' dir='ltr'><strong>primam</strong></span> <span class='ocrx_word' id='word_1_31' title='bbox 313 1160 457 1225; x_wconf 90' lang='lat' dir='ltr'><strong>habeant</strong></span> <span class='ocrx_word' id='word_1_32' title='bbox 480 1161 680 1242; x_wconf 80' lang='lat' dir='ltr'>concionem,</span> <span class='ocrx_word' id='word_1_33' title='bbox 703 1181 767 1242; x_wconf 87' lang='lat' dir='ltr'><strong>qua</strong></span> <span class='ocrx_word' id='word_1_34' title='bbox 787 1160 946 1224; x_wconf 88' lang='lat' dir='ltr'><strong>rationem</strong></span> <span class='ocrx_word' id='word_1_35' title='bbox 969 1162 1115 1230; x_wconf 86' lang='lat' dir='ltr'><strong>instituti</strong></span> 
     </span>
     <span class='ocr_line' id='line_1_8' title="bbox 155 1247 1116 1337; baseline 0.005 -24"><span class='ocrx_word' id='word_1_36' title='bbox 155 1250 205 1314; x_wconf 88' lang='lat' dir='ltr'><strong>sui</strong></span> <span class='ocrx_word' id='word_1_37' title='bbox 228 1270 301 1312; x_wconf 90' lang='lat' dir='ltr'><strong>oum</strong></span> <span class='ocrx_word' id='word_1_38' title='bbox 323 1248 405 1331; x_wconf 89' lang='lat' dir='ltr'><strong>eius,</strong></span> <span class='ocrx_word' id='word_1_39' title='bbox 434 1270 531 1331; x_wconf 88' lang='lat' dir='ltr'><strong>quam</strong></span> <span class='ocrx_word' id='word_1_40' title='bbox 555 1269 588 1312; x_wconf 88' lang='lat' dir='ltr'><strong>se</strong></span> <span class='ocrx_word' id='word_1_41' title='bbox 614 1247 790 1313; x_wconf 78' lang='lat' dir='ltr'><strong>tradituros</strong></span> <span class='ocrx_word' id='word_1_42' title='bbox 814 1268 882 1311; x_wconf 87' lang='lat' dir='ltr'><strong>esse</strong></span> <span class='ocrx_word' id='word_1_43' title='bbox 909 1250 1116 1337; x_wconf 83' lang='lat' dir='ltr'><strong>profitentur,</strong></span> 
     </span>
     <span class='ocr_line' id='line_1_9' title="bbox 154 1335 1116 1421; baseline 0.006 -21"><span class='ocrx_word' id='word_1_44' title='bbox 154 1336 233 1400; x_wconf 90' lang='lat' dir='ltr'><strong>artis</strong></span> <span class='ocrx_word' id='word_1_45' title='bbox 255 1335 350 1400; x_wconf 86' lang='lat' dir='ltr'><strong>laude</strong></span> <span class='ocrx_word' id='word_1_46' title='bbox 376 1336 589 1421; x_wconf 88' lang='lat' dir='ltr'><strong>coniungant,</strong></span> <span class='ocrx_word' id='word_1_47' title='bbox 616 1356 718 1418; x_wconf 91' lang='lat' dir='ltr'><strong>eoque</strong></span> <span class='ocrx_word' id='word_1_48' title='bbox 746 1335 899 1419; x_wconf 92' lang='lat' dir='ltr'><strong>quidquid</strong></span> <span class='ocrx_word' id='word_1_49' title='bbox 925 1336 1054 1405; x_wconf 88' lang='lat' dir='ltr'><strong>habent</strong></span> <span class='ocrx_word' id='word_1_50' title='bbox 1082 1342 1116 1406; x_wconf 92' lang='lat' dir='ltr'><strong>in</strong></span> 
     </span>
     <span class='ocr_line' id='line_1_10' title="bbox 155 1423 1116 1505; baseline 0.005 -17"><span class='ocrx_word' id='word_1_51' title='bbox 155 1424 289 1489; x_wconf 84' lang='lat' dir='ltr'><strong>dicendo</strong></span> <span class='ocrx_word' id='word_1_52' title='bbox 317 1423 434 1488; x_wconf 83' lang='lat' dir='ltr'><strong>virium</strong></span> <span class='ocrx_word' id='word_1_53' title='bbox 461 1424 656 1505; x_wconf 68' lang='lat' dir='ltr'><strong>conferant,</strong></span> <span class='ocrx_word' id='word_1_54' title='bbox 670 1426 708 1486; x_wconf 86' lang='lat' dir='ltr'><strong>nt</strong></span> <span class='ocrx_word' id='word_1_55' title='bbox 733 1423 769 1487; x_wconf 93' lang='lat' dir='ltr'><strong>in</strong></span> <span class='ocrx_word' id='word_1_56' title='bbox 796 1445 834 1488; x_wconf 92' lang='lat' dir='ltr'><strong>ea</strong></span> <span class='ocrx_word' id='word_1_57' title='bbox 861 1444 934 1487; x_wconf 90' lang='lat' dir='ltr'><strong>cum</strong></span> <span class='ocrx_word' id='word_1_58' title='bbox 961 1427 1116 1493; x_wconf 72' lang='lat' dir='ltr'><strong>utilitatis</strong></span> 
     </span>
     <span class='ocr_line' id='line_1_11' title="bbox 155 1511 1116 1602; baseline 0.006 -26"><span class='ocrx_word' id='word_1_59' title='bbox 155 1516 188 1576; x_wconf 89' lang='lat' dir='ltr'><strong>et</strong></span> <span class='ocrx_word' id='word_1_60' title='bbox 206 1512 427 1595; x_wconf 88' lang='lat' dir='ltr'><strong>emolumenti,</strong></span> <span class='ocrx_word' id='word_1_61' title='bbox 444 1516 515 1576; x_wconf 92' lang='lat' dir='ltr'><strong>tum</strong></span> <span class='ocrx_word' id='word_1_62' title='bbox 533 1511 701 1596; x_wconf 82' lang='lat' dir='ltr'><strong>dignitatis</strong></span> <span class='ocrx_word' id='word_1_63' title='bbox 720 1514 753 1575; x_wconf 93' lang='lat' dir='ltr'><strong>et</strong></span> <span class='ocrx_word' id='word_1_64' title='bbox 771 1511 994 1594; x_wconf 79' lang='lat' dir='ltr'><strong>amplitudinis</strong></span> <span class='ocrx_word' id='word_1_65' title='bbox 1015 1516 1116 1602; x_wconf 80' lang='lat' dir='ltr'><strong>longe</strong></span> 
     </span>
     <span class='ocr_line' id='line_1_12' title="bbox 154 1596 1116 1683; baseline 0.005 -19"><span class='ocrx_word' id='word_1_66' title='bbox 154 1600 328 1683; x_wconf 89' lang='lat' dir='ltr'><strong>plurimum</strong></span> <span class='ocrx_word' id='word_1_67' title='bbox 354 1601 460 1664; x_wconf 87' lang='lat' dir='ltr'><strong>inesse</strong></span> <span class='ocrx_word' id='word_1_68' title='bbox 483 1600 682 1664; x_wconf 90' lang='lat' dir='ltr'><strong>confirment.</strong></span> <span class='ocrx_word' id='word_1_69' title='bbox 716 1596 804 1673; x_wconf 80' lang='lat' dir='ltr'><strong>Quae</strong></span> <span class='ocrx_word' id='word_1_70' title='bbox 827 1601 1028 1668; x_wconf 90' lang='lat' dir='ltr'><strong>consuetudo</strong></span> <span class='ocrx_word' id='word_1_71' title='bbox 1054 1606 1116 1669; x_wconf 87' lang='lat' dir='ltr'><strong>etsi</strong></span> 
     </span>
     <span class='ocr_line' id='line_1_13' title="bbox 154 1686 1116 1774; baseline 0.008 -23"><span class='ocrx_word' id='word_1_72' title='bbox 154 1687 286 1752; x_wconf 90' lang='lat' dir='ltr'><strong>minime</strong></span> <span class='ocrx_word' id='word_1_73' title='bbox 310 1687 573 1771; x_wconf 87' lang='lat' dir='ltr'><strong>reprehendenda</strong></span> <span class='ocrx_word' id='word_1_74' title='bbox 600 1686 679 1750; x_wconf 90' lang='lat' dir='ltr'><strong>mihi</strong></span> <span class='ocrx_word' id='word_1_75' title='bbox 707 1687 835 1770; x_wconf 90' lang='lat' dir='ltr'><strong>quidem</strong></span> <span class='ocrx_word' id='word_1_76' title='bbox 858 1687 997 1771; x_wconf 84' lang='lat' dir='ltr'><strong>videtur,</strong></span> <span class='ocrx_word' id='word_1_77' title='bbox 1027 1694 1116 1774; x_wconf 90' lang='lat' dir='ltr'><strong>quod</strong></span> 
     </span>
     <span class='ocr_line' id='line_1_14' title="bbox 155 1775 1116 1858; baseline 0.003 -16"><span class='ocrx_word' id='word_1_78' title='bbox 155 1776 264 1842; x_wconf 85' lang='lat' dir='ltr'><strong>omnia</strong></span> <span class='ocrx_word' id='word_1_79' title='bbox 290 1775 453 1842; x_wconf 88' lang='lat' dir='ltr'><strong>laudanda</strong></span> <span class='ocrx_word' id='word_1_80' title='bbox 479 1779 568 1858; x_wconf 88' lang='lat' dir='ltr'><strong>sunt,</strong></span> <span class='ocrx_word' id='word_1_81' title='bbox 595 1796 676 1858; x_wconf 89' lang='lat' dir='ltr'><strong>quae</strong></span> <span class='ocrx_word' id='word_1_82' title='bbox 700 1775 740 1839; x_wconf 91' lang='lat' dir='ltr'><strong>ad</strong></span> <span class='ocrx_word' id='word_1_83' title='bbox 768 1775 1028 1858; x_wconf 83' lang='lat' dir='ltr'><strong>amplificandam</strong></span> <span class='ocrx_word' id='word_1_84' title='bbox 1056 1780 1116 1845; x_wconf 91' lang='lat' dir='ltr'><strong>hc-</strong></span> 
     </span>
     <span class='ocr_line' id='line_1_15' title="bbox 154 1862 1117 1947; baseline 0.004 -17"><span class='ocrx_word' id='word_1_85' title='bbox 154 1870 320 1930; x_wconf 88' lang='lat' dir='ltr'><strong>nestarum</strong></span> <span class='ocrx_word' id='word_1_86' title='bbox 349 1865 467 1929; x_wconf 87' lang='lat' dir='ltr'><strong>artium</strong></span> <span class='ocrx_word' id='word_1_87' title='bbox 494 1862 685 1947; x_wconf 83' lang='lat' dir='ltr'><strong>dignitatem</strong></span> <span class='ocrx_word' id='word_1_88' title='bbox 713 1866 747 1927; x_wconf 91' lang='lat' dir='ltr'><strong>et</strong></span> <span class='ocrx_word' id='word_1_89' title='bbox 773 1863 814 1928; x_wconf 88' lang='lat' dir='ltr'><strong>ad</strong></span> <span class='ocrx_word' id='word_1_90' title='bbox 844 1863 1049 1930; x_wconf 86' lang='lat' dir='ltr'><strong>excitandum</strong></span> <span class='ocrx_word' id='word_1_91' title='bbox 1079 1869 1117 1934; x_wconf 91' lang='lat' dir='ltr'><strong>in</strong></span> 
     </span>
     <span class='ocr_line' id='line_1_16' title="bbox 153 1951 1116 2034; baseline 0.003 -16"><span class='ocrx_word' id='word_1_92' title='bbox 153 1953 323 2019; x_wconf 89' lang='lat' dir='ltr'><strong>hominum</strong></span> <span class='ocrx_word' id='word_1_93' title='bbox 346 1952 462 2017; x_wconf 89' lang='lat' dir='ltr'><strong>animis</strong></span> <span class='ocrx_word' id='word_1_94' title='bbox 490 1972 600 2016; x_wconf 87' lang='lat' dir='ltr'><strong>earum</strong></span> <span class='ocrx_word' id='word_1_95' title='bbox 628 1951 769 2016; x_wconf 87' lang='lat' dir='ltr'><strong>studium</strong></span> <span class='ocrx_word' id='word_1_96' title='bbox 795 1952 972 2034; x_wconf 84' lang='lat' dir='ltr'><strong>pertinent:</strong></span> <span class='ocrx_word' id='word_1_97' title='bbox 1001 1957 1116 2021; x_wconf 90' lang='lat' dir='ltr'><strong>tamen</strong></span> 
     </span>
     <span class='ocr_line' id='line_1_17' title="bbox 153 2039 1115 2124; baseline 0.002 -18"><span class='ocrx_word' id='word_1_98' title='bbox 153 2042 234 2107; x_wconf 93' lang='lat' dir='ltr'><strong>illud</strong></span> <span class='ocrx_word' id='word_1_99' title='bbox 256 2042 356 2107; x_wconf 88' lang='lat' dir='ltr'><strong>habet</strong></span> <span class='ocrx_word' id='word_1_100' title='bbox 377 2039 586 2123; x_wconf 84' lang='lat' dir='ltr'><strong>incommodi,</strong></span> <span class='ocrx_word' id='word_1_101' title='bbox 614 2039 712 2124; x_wconf 92' lang='lat' dir='ltr'><strong>quod,</strong></span> <span class='ocrx_word' id='word_1_102' title='bbox 739 2040 816 2103; x_wconf 92' lang='lat' dir='ltr'><strong>dum</strong></span> <span class='ocrx_word' id='word_1_103' title='bbox 838 2061 949 2104; x_wconf 88' lang='lat' dir='ltr'><strong>omnes</strong></span> <span class='ocrx_word' id='word_1_104' title='bbox 976 2044 1115 2123; x_wconf 85' lang='lat' dir='ltr'><strong>promis·</strong></span> 
     </span>
     <span class='ocr_line' id='line_1_18' title="bbox 155 2127 1116 2211; baseline 0.005 -19"><span class='ocrx_word' id='word_1_105' title='bbox 155 2151 213 2194; x_wconf 91' lang='lat' dir='ltr'><strong>oue</strong></span> <span class='ocrx_word' id='word_1_106' title='bbox 231 2128 346 2194; x_wconf 91' lang='lat' dir='ltr'><strong>iisdem</strong></span> <span class='ocrx_word' id='word_1_107' title='bbox 366 2128 433 2193; x_wconf 78' lang='lat' dir='ltr'><strong>fere</strong></span> <span class='ocrx_word' id='word_1_108' title='bbox 452 2127 637 2193; x_wconf 90' lang='lat' dir='ltr'><strong>afficiuntur</strong></span> <span class='ocrx_word' id='word_1_109' title='bbox 657 2128 820 2211; x_wconf 83' lang='lat' dir='ltr'><strong>laudibus,</strong></span> <span class='ocrx_word' id='word_1_110' title='bbox 841 2127 1047 2211; x_wconf 88' lang='lat' dir='ltr'><strong>eiusdemque</strong></span> <span class='ocrx_word' id='word_1_111' title='bbox 1067 2134 1116 2197; x_wconf 89' lang='lat' dir='ltr'><strong>rei</strong></span> 
     </span>
     <span class='ocr_line' id='line_1_19' title="bbox 156 2215 1114 2302; baseline 0.005 -23"><span class='ocrx_word' id='word_1_112' title='bbox 156 2218 293 2299; x_wconf 90' lang='lat' dir='ltr'><strong>gloriam</strong></span> <span class='ocrx_word' id='word_1_113' title='bbox 316 2216 513 2280; x_wconf 82' lang='lat' dir='ltr'><strong>diversarum</strong></span> <span class='ocrx_word' id='word_1_114' title='bbox 536 2216 654 2280; x_wconf 89' lang='lat' dir='ltr'><strong>artium</strong></span> <span class='ocrx_word' id='word_1_115' title='bbox 676 2216 824 2280; x_wconf 86' lang='lat' dir='ltr'><strong>homines</strong></span> <span class='ocrx_word' id='word_1_116' title='bbox 847 2215 888 2278; x_wconf 93' lang='lat' dir='ltr'><strong>ad</strong></span> <span class='ocrx_word' id='word_1_117' title='bbox 911 2238 1003 2280; x_wconf 89' lang='lat' dir='ltr'><strong>suam</strong></span> <span class='ocrx_word' id='word_1_118' title='bbox 1027 2221 1114 2302; x_wconf 91' lang='lat' dir='ltr'><strong>quis·</strong></span> 
     </span>
     <span class='ocr_line' id='line_1_20' title="bbox 156 2303 1115 2386; baseline 0.006 -20"><span class='ocrx_word' id='word_1_119' title='bbox 156 2324 217 2386; x_wconf 92' lang='lat' dir='ltr'><strong>que</strong></span> <span class='ocrx_word' id='word_1_120' title='bbox 249 2303 415 2368; x_wconf 78' lang='lat' dir='ltr'><strong>traducere</strong></span> <span class='ocrx_word' id='word_1_121' title='bbox 448 2324 485 2368; x_wconf 92' lang='lat' dir='ltr'><strong>ac</strong></span> <span class='ocrx_word' id='word_1_122' title='bbox 517 2303 691 2368; x_wconf 90' lang='lat' dir='ltr'><strong>transferre</strong></span> <span class='ocrx_word' id='word_1_123' title='bbox 724 2305 896 2385; x_wconf 87' lang='lat' dir='ltr'><strong>conantur,</strong></span> <span class='ocrx_word' id='word_1_124' title='bbox 931 2304 981 2386; x_wconf 90' lang='lat' dir='ltr'><strong>fit,</strong></span> <span class='ocrx_word' id='word_1_125' title='bbox 1010 2310 1049 2368; x_wconf 89' lang='lat' dir='ltr'><strong>ut</strong></span> <span class='ocrx_word' id='word_1_126' title='bbox 1079 2309 1115 2372; x_wconf 92' lang='lat' dir='ltr'><strong>in</strong></span> 
     </span>
     <span class='ocr_line' id='line_1_21' title="bbox 155 2390 1115 2476; baseline 0.004 -20"><span class='ocrx_word' id='word_1_127' title='bbox 155 2391 272 2476; x_wconf 83' lang='lat' dir='ltr'><strong>vulgus</strong></span> <span class='ocrx_word' id='word_1_128' title='bbox 295 2391 436 2456; x_wconf 86' lang='lat' dir='ltr'><strong>elevetur</strong></span> <span class='ocrx_word' id='word_1_129' title='bbox 459 2392 602 2456; x_wconf 90' lang='lat' dir='ltr'><strong>omnium</strong></span> <span class='ocrx_word' id='word_1_130' title='bbox 630 2390 818 2473; x_wconf 86' lang='lat' dir='ltr'><strong>auctoritas,</strong></span> <span class='ocrx_word' id='word_1_131' title='bbox 847 2392 880 2453; x_wconf 92' lang='lat' dir='ltr'><strong>et</strong></span> <span class='ocrx_word' id='word_1_132' title='bbox 906 2395 956 2474; x_wconf 89' lang='lat' dir='ltr'><strong>ut,</strong></span> <span class='ocrx_word' id='word_1_133' title='bbox 986 2396 1115 2475; x_wconf 89' lang='lat' dir='ltr'><strong>quoties</strong></span> 
     </span>
     <span class='ocr_line' id='line_1_22' title="bbox 156 2477 1114 2563; baseline 0.006 -21"><span class='ocrx_word' id='word_1_134' title='bbox 156 2479 272 2562; x_wconf 88' lang='lat' dir='ltr'><strong>aliquis</strong></span> <span class='ocrx_word' id='word_1_135' title='bbox 300 2479 338 2543; x_wconf 92' lang='lat' dir='ltr'><strong>de</strong></span> <span class='ocrx_word' id='word_1_136' title='bbox 366 2499 556 2563; x_wconf 84' lang='lat' dir='ltr'><strong>quacunque</strong></span> <span class='ocrx_word' id='word_1_137' title='bbox 584 2481 651 2542; x_wconf 91' lang='lat' dir='ltr'><strong>arte</strong></span> <span class='ocrx_word' id='word_1_138' title='bbox 680 2477 844 2560; x_wconf 88' lang='lat' dir='ltr'><strong>quippiam</strong></span> <span class='ocrx_word' id='word_1_139' title='bbox 870 2478 1047 2544; x_wconf 84' lang='lat' dir='ltr'><strong>honorifice</strong></span> <span class='ocrx_word' id='word_1_140' title='bbox 1077 2506 1114 2549; x_wconf 89' lang='lat' dir='ltr'><strong>ac</strong></span> 
     </span>
     <span class='ocr_line' id='line_1_23' title="bbox 156 2564 1114 2651; baseline 0.004 -19"><span class='ocrx_word' id='word_1_141' title='bbox 156 2567 321 2650; x_wconf 87' lang='lat' dir='ltr'><strong>splendide</strong></span> <span class='ocrx_word' id='word_1_142' title='bbox 341 2567 445 2632; x_wconf 91' lang='lat' dir='ltr'><strong>dicere</strong></span> <span class='ocrx_word' id='word_1_143' title='bbox 463 2568 627 2651; x_wconf 88' lang='lat' dir='ltr'><strong>ingressus</strong></span> <span class='ocrx_word' id='word_1_144' title='bbox 646 2568 709 2649; x_wconf 89' lang='lat' dir='ltr'><strong>est,</strong></span> <span class='ocrx_word' id='word_1_145' title='bbox 729 2564 921 2631; x_wconf 84' lang='lat' dir='ltr'><strong>circumfusa</strong></span> <span class='ocrx_word' id='word_1_146' title='bbox 939 2568 1114 2638; x_wconf 88' lang='lat' dir='ltr'><strong>multitudo</strong></span> 
     </span>
     <span class='ocr_line' id='line_1_24' title="bbox 155 2653 1115 2740; baseline 0.005 -21"><span class='ocrx_word' id='word_1_147' title='bbox 155 2655 203 2720; x_wconf 92' lang='lat' dir='ltr'><strong>ita</strong></span> <span class='ocrx_word' id='word_1_148' title='bbox 222 2677 295 2719; x_wconf 87' lang='lat' dir='ltr'><strong>eum</strong></span> <span class='ocrx_word' id='word_1_149' title='bbox 317 2654 407 2738; x_wconf 90' lang='lat' dir='ltr'><strong>loqui</strong></span> <span class='ocrx_word' id='word_1_150' title='bbox 424 2655 587 2738; x_wconf 89' lang='lat' dir='ltr'><strong>opinetur,</strong></span> <span class='ocrx_word' id='word_1_151' title='bbox 608 2674 676 2718; x_wconf 92' lang='lat' dir='ltr'><strong>non</strong></span> <span class='ocrx_word' id='word_1_152' title='bbox 695 2653 781 2736; x_wconf 91' lang='lat' dir='ltr'><strong>quod</strong></span> <span class='ocrx_word' id='word_1_153' title='bbox 803 2654 850 2717; x_wconf 90' lang='lat' dir='ltr'><strong>ita</strong></span> <span class='ocrx_word' id='word_1_154' title='bbox 873 2655 927 2738; x_wconf 88' lang='lat' dir='ltr'><strong>sit,</strong></span> <span class='ocrx_word' id='word_1_155' title='bbox 950 2655 1006 2718; x_wconf 86' lang='lat' dir='ltr'><strong>sed</strong></span> <span class='ocrx_word' id='word_1_156' title='bbox 1026 2661 1115 2740; x_wconf 90' lang='lat' dir='ltr'><strong>quod</strong></span> 
     </span>
     <span class='ocr_line' id='line_1_25' title="bbox 157 2741 1116 2832; baseline 0.004 -25"><span class='ocrx_word' id='word_1_157' title='bbox 157 2764 228 2807; x_wconf 85' lang='lat' dir='ltr'><strong>eam</strong></span> <span class='ocrx_word' id='word_1_158' title='bbox 237 2746 316 2807; x_wconf 88' lang='lat' dir='ltr'><strong>tuno</strong></span> <span class='ocrx_word' id='word_1_159' title='bbox 325 2747 428 2807; x_wconf 88' lang='lat' dir='ltr'><strong>artem</strong></span> <span class='ocrx_word' id='word_1_160' title='bbox 439 2741 618 2808; x_wconf 88' lang='lat' dir='ltr'><strong>ornandam</strong></span> <span class='ocrx_word' id='word_1_161' title='bbox 629 2741 915 2826; x_wconf 89' lang='lat' dir='ltr'><strong>celebrandamque</strong></span> <span class='ocrx_word' id='word_1_162' title='bbox 928 2748 1116 2832; x_wconf 83' lang='lat' dir='ltr'><strong>susceperit,</strong></span> 
     </span>
     <span class='ocr_line' id='line_1_26' title="bbox 158 2829 1115 2912; baseline 0.004 -18"><span class='ocrx_word' id='word_1_163' title='bbox 158 2831 242 2894; x_wconf 87' lang='lat' dir='ltr'><strong>idem</strong></span> <span class='ocrx_word' id='word_1_164' title='bbox 260 2831 299 2894; x_wconf 91' lang='lat' dir='ltr'><strong>de</strong></span> <span class='ocrx_word' id='word_1_165' title='bbox 320 2830 384 2894; x_wconf 88' lang='lat' dir='ltr'><strong>alia</strong></span> <span class='ocrx_word' id='word_1_166' title='bbox 404 2830 562 2912; x_wconf 89' lang='lat' dir='ltr'><strong>dicturus,</strong></span> <span class='ocrx_word' id='word_1_167' title='bbox 585 2829 612 2893; x_wconf 87' lang='lat' dir='ltr'><strong>si</strong></span> <span class='ocrx_word' id='word_1_168' title='bbox 632 2829 696 2893; x_wconf 88' lang='lat' dir='ltr'><strong>alia</strong></span> <span class='ocrx_word' id='word_1_169' title='bbox 718 2829 780 2894; x_wconf 87' lang='lat' dir='ltr'><strong>sibi</strong></span> <span class='ocrx_word' id='word_1_170' title='bbox 800 2829 983 2895; x_wconf 84' lang='lat' dir='ltr'><strong>extollenda</strong></span> <span class='ocrx_word' id='word_1_171' title='bbox 1005 2834 1039 2893; x_wconf 91' lang='lat' dir='ltr'><strong>et</strong></span> <span class='ocrx_word' id='word_1_172' title='bbox 1062 2855 1115 2898; x_wconf 85' lang='lat' dir='ltr'><strong>ex-</strong></span> 
     </span>
     <span class='ocr_line' id='line_1_27' title="bbox 157 2917 1115 3090; baseline 0.006 -21"><span class='ocrx_word' id='word_1_173' title='bbox 157 2917 1115 3090; x_wconf 45' lang='lat' dir='ltr'><strong>{dedititiifertililatiariter</strong></span> 
     </span>
     <span class='ocr_line' id='line_1_28' title="bbox 158 3093 1116 3182; baseline 0.003 -24"><span class='ocrx_word' id='word_1_174' title='bbox 158 3116 236 3159; x_wconf 91' lang='lat' dir='ltr'><strong>auro</strong></span> <span class='ocrx_word' id='word_1_175' title='bbox 252 3115 289 3158; x_wconf 88' lang='lat' dir='ltr'><strong>ac</strong></span> <span class='ocrx_word' id='word_1_176' title='bbox 302 3116 445 3177; x_wconf 88' lang='lat' dir='ltr'><strong>purpura</strong></span> <span class='ocrx_word' id='word_1_177' title='bbox 457 3094 637 3177; x_wconf 82' lang='lat' dir='ltr'><strong>fulgentem</strong></span> <span class='ocrx_word' id='word_1_178' title='bbox 646 3093 793 3178; x_wconf 88' lang='lat' dir='ltr'><strong>viderint,</strong></span> <span class='ocrx_word' id='word_1_179' title='bbox 806 3094 901 3158; x_wconf 84' lang='lat' dir='ltr'><strong>facile</strong></span> <span class='ocrx_word' id='word_1_180' title='bbox 915 3093 1116 3182; x_wconf 86' lang='lat' dir='ltr'><strong>intelligunt,</strong></span> 
     </span>
     <span class='ocr_line' id='line_1_29' title="bbox 157 3180 1115 3268; baseline 0.001 -22"><span class='ocrx_word' id='word_1_181' title='bbox 157 3182 214 3246; x_wconf 92' lang='lat' dir='ltr'><strong>illa</strong></span> <span class='ocrx_word' id='word_1_182' title='bbox 229 3186 418 3247; x_wconf 89' lang='lat' dir='ltr'><strong>ornamenta</strong></span> <span class='ocrx_word' id='word_1_183' title='bbox 437 3182 537 3266; x_wconf 88' lang='lat' dir='ltr'><strong>ipsius</strong></span> <span class='ocrx_word' id='word_1_184' title='bbox 555 3182 686 3265; x_wconf 90' lang='lat' dir='ltr'><strong>propria</strong></span> <span class='ocrx_word' id='word_1_185' title='bbox 699 3203 767 3247; x_wconf 91' lang='lat' dir='ltr'><strong>non</strong></span> <span class='ocrx_word' id='word_1_186' title='bbox 783 3203 866 3265; x_wconf 85' lang='lat' dir='ltr'><strong>esse,</strong></span> <span class='ocrx_word' id='word_1_187' title='bbox 885 3180 940 3244; x_wconf 87' lang='lat' dir='ltr'><strong>sed</strong></span> <span class='ocrx_word' id='word_1_188' title='bbox 958 3181 1115 3268; x_wconf 88' lang='lat' dir='ltr'><strong>futurum,</strong></span> 
     </span>
     <span class='ocr_line' id='line_1_30' title="bbox 157 3269 1115 3355; baseline 0.002 -21"><span class='ocrx_word' id='word_1_189' title='bbox 157 3274 196 3334; x_wconf 91' lang='lat' dir='ltr'><strong>ut</strong></span> <span class='ocrx_word' id='word_1_190' title='bbox 219 3290 318 3353; x_wconf 91' lang='lat' dir='ltr'><strong>aeque</strong></span> <span class='ocrx_word' id='word_1_191' title='bbox 342 3269 406 3334; x_wconf 90' lang='lat' dir='ltr'><strong>illis</strong></span> <span class='ocrx_word' id='word_1_192' title='bbox 428 3270 615 3334; x_wconf 85' lang='lat' dir='ltr'><strong>indueretur</strong></span> <span class='ocrx_word' id='word_1_193' title='bbox 634 3270 769 3355; x_wconf 90' lang='lat' dir='ltr'><strong>quilibet</strong></span> <span class='ocrx_word' id='word_1_194' title='bbox 789 3269 871 3334; x_wconf 86' lang='lat' dir='ltr'><strong>alius</strong></span> <span class='ocrx_word' id='word_1_195' title='bbox 890 3291 907 3332; x_wconf 95' lang='lat' dir='ltr'><strong>e</strong></span> <span class='ocrx_word' id='word_1_196' title='bbox 926 3290 1037 3355; x_wconf 84' lang='lat' dir='ltr'><strong>grege,</strong></span> <span class='ocrx_word' id='word_1_197' title='bbox 1058 3274 1115 3354; x_wconf 90' lang='lat' dir='ltr'><strong>qui</strong></span> 
     </span>
     <span class='ocr_line' id='line_1_31' title="bbox 159 3357 1113 3442; baseline -0.002 -18"><span class='ocrx_word' id='word_1_198' title='bbox 159 3358 201 3425; x_wconf 89' lang='lat' dir='ltr'><strong>ad</strong></span> <span class='ocrx_word' id='word_1_199' title='bbox 221 3363 348 3442; x_wconf 90' lang='lat' dir='ltr'><strong>tempus</strong></span> <span class='ocrx_word' id='word_1_200' title='bbox 372 3378 443 3421; x_wconf 88' lang='lat' dir='ltr'><strong>eam</strong></span> <span class='ocrx_word' id='word_1_201' title='bbox 465 3378 636 3441; x_wconf 85' lang='lat' dir='ltr'><strong>personam</strong></span> <span class='ocrx_word' id='word_1_202' title='bbox 656 3358 843 3423; x_wconf 81' lang='lat' dir='ltr'><strong>sustineret:</strong></span> <span class='ocrx_word' id='word_1_203' title='bbox 871 3357 931 3440; x_wconf 88' lang='lat' dir='ltr'><strong>ita,</strong></span> <span class='ocrx_word' id='word_1_204' title='bbox 954 3358 1008 3441; x_wconf 88' lang='lat' dir='ltr'><strong>qui</strong></span> <span class='ocrx_word' id='word_1_205' title='bbox 1031 3357 1113 3422; x_wconf 84' lang='lat' dir='ltr'><strong>eius-</strong></span> 
     </span>
     <span class='ocr_line' id='line_1_32' title="bbox 159 3445 1112 3531; baseline -0.001 -20"><span class='ocrx_word' id='word_1_206' title='bbox 159 3448 247 3513; x_wconf 92' lang='lat' dir='ltr'><strong>modi</strong></span> <span class='ocrx_word' id='word_1_207' title='bbox 270 3446 431 3514; x_wconf 87' lang='lat' dir='ltr'><strong>orationes</strong></span> <span class='ocrx_word' id='word_1_208' title='bbox 451 3445 599 3531; x_wconf 88' lang='lat' dir='ltr'><strong>audiunt,</strong></span> <span class='ocrx_word' id='word_1_209' title='bbox 622 3467 695 3511; x_wconf 90' lang='lat' dir='ltr'><strong>cum</strong></span> <span class='ocrx_word' id='word_1_210' title='bbox 717 3447 801 3510; x_wconf 92' lang='lat' dir='ltr'><strong>hanc</strong></span> <span class='ocrx_word' id='word_1_211' title='bbox 821 3448 878 3509; x_wconf 88' lang='lat' dir='ltr'><strong>aut</strong></span> <span class='ocrx_word' id='word_1_212' title='bbox 899 3445 988 3510; x_wconf 91' lang='lat' dir='ltr'><strong>illam</strong></span> <span class='ocrx_word' id='word_1_213' title='bbox 1011 3446 1112 3510; x_wconf 86' lang='lat' dir='ltr'><strong>artem</strong></span> 
     </span>
    </p>
   </div>
   <div class='ocr_carea' id='block_1_5' title="bbox 0 0 1174 3824">
    <p class='ocr_par' dir='ltr' id='par_1_5' title="bbox 0 0 1174 3824">
     <span class='ocr_line' id='line_1_33' title="bbox 0 0 1174 3824; baseline 0 0"><span class='ocrx_word' id='word_1_214' title='bbox 0 0 1174 3824; x_wconf 95' lang='lat' dir='ltr'><strong> </strong></span> 
     </span>
    </p>
   </div>
  </div>
 </body>
</html>
