2332 3824
185 113 205 177 2
577 112 714 171 ORATIO
731 114 752 169 1.

186 279 258 322 rum
279 258 317 324 de
334 279 368 324 se
386 257 504 323 iudicia
523 258 722 341 extimescat,
743 257 855 322 cadere
873 280 976 343 posse
996 266 1154 335 videatur.

185 344 317 412 Etenim
333 347 359 412 si
375 345 655 430 eloquentissimos
670 346 746 412 olim
759 347 846 410 viros
860 351 1074 440 accepimus,
1087 378 1154 422 cum

186 435 226 498 ad
246 435 416 499 dicendum
434 435 611 518 venissent,
629 435 725 499 unius
749 434 904 518 principis
924 438 1095 524 adspectu
1112 445 1154 509 ita

186 523 395 587 conturbatos
413 522 526 606 fuisse,
545 525 583 586 ut
597 522 866 587 obmutescerent:
887 524 968 605 quid
983 529 1074 595 mihi
1087 536 1154 596 tan-

186 611 258 674 dem
289 608 388 672 animi
417 630 485 673 esse
518 613 660 694 oportet,
691 611 746 694 qui
775 630 879 693 neque
906 620 1154 698 comparandus

186 696 343 760 cumillis
366 697 497 760 omnino
518 718 602 779 sum,
625 701 658 763 et
680 697 764 782 apud
785 719 842 762 vos
861 697 948 781 dico,
974 699 1154 772 Senatores

186 783 388 867 amplissimi,
411 784 451 847 ad
475 805 555 866 quos
577 805 650 849 cum
669 787 835 851 oculomm
855 792 1015 854 converto
1042 795 1154 879 aciem,

185 872 321 937 totidem
347 872 426 936 mihi
454 893 639 938 consessum
666 874 847 958 principum
868 873 983 938 videor
1005 877 1152 949 intueri?

185 959 235 1024 Ac
258 961 354 1025 ceteri
378 961 506 1045 quidem
529 983 624 1046 saepe
647 961 688 1025 ad
711 982 783 1026 eam
805 961 1054 1031 excusationem
1080 992 1152 1036 con·

184 1049 329 1136 fugiunt,
356 1054 394 1115 ut
416 1072 463 1133 se,
491 1071 564 1113 cum
592 1049 760 1113 tenuitatis
784 1070 859 1113 suae
882 1052 1007 1116 conscii
1031 1061 1152 1141 essent,

184 1142 295 1203 tamen
313 1140 364 1202 vel
385 1137 577 1201 necessitate
596 1138 647 1202 vel
670 1136 776 1202 officio
799 1137 969 1220 impulsos,
991 1142 1048 1206 vel
1072 1146 1150 1210 ami·

186 1247 297 1289 corum
325 1225 390 1288 sive
417 1225 566 1307 precibus
589 1226 656 1289 sive
677 1228 822 1308 tempore
845 1225 953 1307 aliquo
976 1227 1150 1316 adductos,

185 1311 312 1376 dicendi
330 1334 447 1376 munus
465 1333 533 1376 non
550 1315 619 1376 tam
637 1312 829 1397 appetivisse
848 1333 944 1395 quam
963 1312 1148 1384 detrectare

184 1422 253 1465 non
279 1400 422 1484 potuisse
450 1399 573 1484 dicant,
605 1422 701 1484 quam
730 1403 833 1464 totam
859 1399 1022 1465 rationem
1050 1408 1147 1472 nobis

184 1488 340 1554 hodierno
359 1488 409 1553 die
427 1488 499 1573 ipsa
520 1489 568 1552 rei
588 1490 707 1552 natura
725 1486 930 1571 conditioque
952 1493 1146 1570 praecludit

48 1616 53 1624 -
184 1572 262 1638 Non
280 1577 366 1640 enim
385 1577 613 1659 detrectantes,
636 1575 691 1640 sed
711 1577 796 1640 ultro
817 1575 912 1640 nobis
930 1574 1145 1657 deposcentes

184 1662 269 1726 hanc
293 1663 418 1727 dicendi
447 1664 659 1748 provinciam,
686 1663 728 1727 ad
750 1683 820 1726 eam
842 1684 911 1727 non
933 1663 1049 1729 alienis
1073 1691 1144 1752 pre-

185 1751 274 1815 cibus
296 1751 441 1836 impulsi,
462 1752 519 1816 sed
536 1755 643 1816 vestra
664 1750 844 1816 incredibili
864 1750 1070 1834 benignitate
1091 1757 1143 1821 ad·

185 1840 274 1905 missi
302 1860 425 1921 sumus,
451 1842 503 1922 ut,
530 1840 557 1903 si
584 1840 690 1904 minus
714 1839 882 1922 exaliqua
908 1840 1000 1922 parte
1028 1849 1144 1909 nostre

185 1930 277 1994 vobis
305 1927 484 2013 approbata
510 1927 609 1992 fuerit
633 1927 806 2010 industria,
834 1947 947 1990 caussa
973 1928 1066 1992 nulla
1092 1932 1144 2014 sit,

185 2018 263 2099 quin
277 2037 389 2081 omnes
403 2015 617 2081 accusandam
634 2015 742 2099 potius
755 2017 902 2079 nostram
914 2014 1143 2104 temeritatem,

185 2124 282 2185 quam
305 2104 556 2169 imbecillitatem
576 2103 807 2168 sublevandam
825 2104 948 2187 putent.
979 2100 1143 2185 Equidem

185 2210 259 2253 oum
282 2192 315 2253 et
338 2190 378 2253 ab
396 2190 528 2255 ineunte
547 2193 666 2273 aetate,
687 2194 758 2255 tum
776 2190 958 2254 domesticis
982 2191 1142 2260 excitatus

185 2277 352 2361 exemplis,
383 2280 453 2342 tum
483 2278 555 2362 ipsa
585 2278 736 2342 hortante
769 2279 898 2359 natura,
929 2277 1142 2347 honestarum

185 2364 303 2428 artium
322 2366 429 2430 studia
447 2366 599 2431 coluerim
622 2366 668 2447 et,
685 2364 742 2427 ubi
761 2363 900 2447 primum
922 2386 979 2448 per
999 2368 1142 2434 aetatem

184 2451 288 2536 licuit,
311 2475 392 2537 quae
415 2455 496 2518 mihi
519 2475 590 2519 meo
613 2453 682 2536 ipse
704 2451 815 2516 labore
837 2473 1036 2536 pepereram,
1067 2456 1140 2521 aliis

83 2564 92 2589 ·
184 2539 311 2603 tradere
333 2562 513 2626 ingressus,
538 2562 656 2607 novem
680 2561 780 2624 prope
806 2540 871 2604 iam
894 2561 997 2604 annos
1019 2541 1055 2604 in
1077 2542 1142 2608 hac

185 2626 312 2692 dicendi
326 2630 359 2692 et
372 2628 507 2694 docendi
519 2628 747 2694 exercitatione
759 2627 1019 2712 consumpserim,
1028 2631 1142 2696 tamen

185 2716 353 2799 superiora
378 2716 435 2781 illa
463 2718 670 2782 considerans
696 2716 744 2780 ita
771 2715 995 2783 commovebar
1021 2718 1140 2803 animo,

184 2802 279 2867 facile
306 2805 344 2867 ut
368 2803 432 2868 hoc
459 2806 620 2887 potuerim
642 2804 803 2870 abstinere
827 2803 975 2886 consilio,
1001 2803 1140 2870 nisime

184 2891 248 2955 huc
267 2912 392 2955 summa
410 2890 449 2955 de
462 2896 569 2956 vestra
588 2894 744 2978 singulari
761 2893 963 2957 humanitate
983 2897 1140 2977 concepta

186 3000 259 3062 spes
273 2981 307 3042 et
319 2999 439 3062 magna
452 2980 608 3062 quaedam
627 2981 854 3064 approbandae
872 2979 963 3045 vobis
987 2979 1014 3042 si
1031 2981 1139 3044 minus

185 3065 389 3149 eruditionis,
417 3068 453 3129 at
480 3069 565 3130 certe
587 3067 764 3132 voluntatis
786 3089 876 3132 meae
900 3066 1058 3150 cupiditas
1081 3068 1139 3132 im-

184 3153 329 3236 pulisset.

250 3240 300 3305 Ac
328 3240 408 3306 mihi
436 3242 564 3324 quidem
593 3243 626 3305 et
656 3245 746 3307 cuius
774 3245 820 3308 rei
848 3262 962 3305 caussa
988 3243 1024 3306 in
1052 3242 1140 3307 hunc

185 3328 291 3393 locum
314 3328 526 3415 ascenderim,
554 3331 587 3394 et
609 3329 650 3392 ad
674 3352 754 3413 quos
778 3329 876 3396 verba
902 3328 1047 3394 facturus
1070 3330 1140 3414 sim,

188 3415 359 3501 cogitanti,
383 3439 516 3502 prorsus
541 3419 588 3484 ita
610 3416 749 3483 videtur:
777 3417 867 3483 nullo
891 3413 926 3476 in
948 3419 1139 3500 argumento
