2332 3824
97 191 163 256 204
442 188 651 246 PRAEFATIO
669 189 704 244 II.

99 336 235 401 scienter
262 337 439 418 uterentur,
467 355 537 398 eam
566 334 622 418 qui
649 333 848 417 sustineant,
876 356 949 401 non
974 337 1061 402 multi

98 425 134 489 in
169 423 265 488 Italia
300 423 507 507 reperiantur.
561 420 710 486 Alterum
744 421 863 487 vitium
903 427 968 508 est,
1005 447 1060 511 quo

98 512 292 596 transalpini
318 512 413 576 multi
442 507 621 594 (fatendum
649 509 737 573 enirn
765 508 831 596 est)
863 511 1060 578 laboramus:

100 601 198 685 quod,
231 622 303 665 cum
333 599 370 662 in
395 598 505 662 Latini
533 597 691 662 sermonis
719 597 886 682 elegantia
915 603 1061 667 excellere

99 690 246 772 pulcrum
272 689 435 771 putemus,
466 707 534 751 non
561 688 673 749 tamen
703 685 770 749 fere
798 687 975 774 callemus,
1007 712 1061 776 quo

100 776 141 840 ad
177 798 248 839 eam
283 774 398 838 itinere
435 774 625 839 contendere
660 777 818 856 oporteat.
874 775 997 863 Itaque
1030 779 1062 843 de

98 864 219 928 nostris
237 863 403 947 pauciores
420 863 589 946 hactenus,
612 883 710 945 quarn
728 862 861 947 vellem,
880 867 1062 950 extiterunt,

100 951 155 1036 qui
178 972 212 1015 se
236 952 276 1016 ad
290 949 466 1034 Ciceronis,
493 949 647 1032 Terentii,
674 948 823 1015 Caesaris
847 952 1063 1021 imitationem

101 1044 337 1125 componerent.
390 1038 643 1104 Pervolutabant
674 1038 743 1102 sine
774 1039 843 1104 ullo
882 1041 1064 1108 discrimine

101 1151 213 1194 omnes
241 1131 385 1195 omnium
417 1128 607 1211 scriptorum
638 1125 754 1208 libros,
786 1129 819 1190 et
847 1149 890 1192 ex
923 1133 1064 1196 omniun

101 1218 328 1282 commixtione
361 1216 485 1280 varium
517 1214 677 1299 quoddam
709 1217 743 1278 et
771 1215 982 1285 multiforme
1013 1242 1065 1306 pro

102 1326 159 1368 suo
183 1305 317 1387 quisque
338 1303 470 1386 ingenio
485 1302 610 1366 dicendi
631 1321 732 1386 genus
756 1302 979 1392 effingebant,
1003 1309 1066 1393 pul·

101 1391 208 1475 crique
236 1391 299 1456 sibi
327 1411 364 1456 ac
391 1390 479 1454 beati
499 1390 705 1473 videbantur,
733 1390 761 1456 si
788 1411 862 1455 eam
892 1415 1067 1483 conseque·

100 1484 212 1544 rentur
247 1480 446 1563 facultatem,
481 1481 519 1543 ut
555 1478 594 1542 de
624 1478 720 1542 rebus
756 1481 938 1563 propositis
973 1487 1068 1551 verba

100 1568 234 1633 fundere
261 1568 423 1653 animique
451 1568 501 1632 sui
528 1588 639 1631 sensus
667 1567 884 1652 qualicunque
910 1574 1068 1639 orationis

102 1675 217 1739 genere
245 1658 286 1720 ad
313 1658 393 1722 alios
420 1656 559 1740 perferre
586 1657 727 1739 possent
776 1655 867 1740 Ergo
896 1658 936 1723 in
964 1661 1070 1728 Gallia

102 1742 350 1830 Germaniaque,
383 1745 438 1828 qui
465 1743 609 1808 celeriter
634 1745 668 1806 et
693 1743 841 1826 expedite
869 1743 995 1814 Latine
1026 1752 1068 1816 lo·

103 1837 288 1917 querentur,
311 1832 354 1918 (si
375 1831 437 1897 hoc
454 1831 550 1896 modo
569 1833 619 1895 est
640 1828 754 1894 Latine
776 1830 896 1918 loqui,)
919 1836 1068 1904 innume-

101 1942 168 2004 ros,
201 1923 256 2006 qui
287 1922 368 1986 bene
400 1941 438 1984 ac
470 1920 599 2001 diserte,
629 1919 683 1983 vix
714 1941 814 1983 unum
842 1924 902 1984 aut
931 1926 1069 1991 alterum

101 2008 189 2074 haud
211 2011 258 2073 ita
279 2009 403 2092 pridem
416 2009 555 2091 reperire
577 2006 745 2091 potuisses.
768 2005 855 2072 Nam
889 2010 978 2077 illud
993 2038 1068 2101 quo·

104 2119 178 2182 que,
211 2100 297 2181 quod
322 2097 419 2162 tertio
446 2098 517 2161 loco
544 2096 651 2179 posui,
681 2097 829 2159 nostrum
857 2118 928 2163 non
957 2104 1069 2186 paucis

103 2187 333 2269 impedimento
356 2188 413 2249 est.
460 2183 564 2249 Semel
586 2187 707 2247 rectam
728 2183 815 2247 viam
837 2184 998 2275 ingressi,
1022 2193 1071 2257 vel

103 2275 389 2358 relanguescimus,
424 2274 475 2337 vel
501 2272 716 2335 mutabilitate
748 2271 888 2355 quadam
921 2279 1070 2345 minimis

103 2362 291 2446 plerumque
313 2361 486 2425 momentis
510 2360 551 2423 ab
574 2381 613 2425 ea
635 2359 828 2424 deducimur.

169 2448 360 2512 Indecorum
392 2452 491 2530 esset,
523 2448 562 2510 de
593 2468 644 2511 me
676 2448 746 2530 ipso
778 2449 968 2531 praedicare
1002 2479 1070 2541 me,

105 2537 160 2602 sed
187 2535 248 2599 hoc
276 2535 344 2600 sine
371 2537 438 2599 ulla
460 2535 601 2599 vanitate
625 2533 785 2600 affirmare
811 2558 962 2624 possum,
993 2567 1072 2630 quo-

104 2625 211 2690 minus
247 2623 388 2707 aliquam
424 2621 575 2707 loquendi
611 2622 834 2709 scribendique
875 2625 1073 2698 facultatem

105 2734 327 2800 consequerer,
366 2711 483 2777 horum
518 2709 599 2776 mihi
637 2711 736 2775 trium
771 2712 854 2776 nihil
891 2715 1073 2787 obstitisse.

106 2802 238 2890 Semper
263 2801 372 2869 Latini
399 2803 556 2868 sermonis
585 2801 758 2886 puritatem
780 2822 939 2885 magnum
968 2811 1074 2893 quod-

105 2895 180 2959 dam
204 2896 236 2958 et
257 2895 457 2978 praeclarum
483 2893 605 2957 bonum
628 2911 696 2955 esse
724 2889 815 2972 duxi;
843 2910 974 2975 semper
999 2918 1074 2963 eam

106 3002 145 3045 ex
171 2982 313 3064 illorum,
342 3002 422 3064 quos
448 3001 544 3062 supra
570 2978 748 3061 nominavi,
775 2977 884 3062 eisque
911 2979 1073 3052 finitimo-

104 3088 176 3130 rum
191 3069 331 3149 scriptis,
353 3069 441 3131 velut
454 3087 471 3128 e
484 3064 665 3146 purissimis
687 3065 832 3130 fontibus
852 3065 1074 3140 hauriendam

105 3174 176 3214 sum
199 3155 303 3234 ratus3
331 3174 435 3236 neque
458 3171 509 3213 rne
531 3150 583 3214 vel
606 3152 785 3218 debilitavit
805 3154 927 3220 laboris
951 3165 1074 3248 metus,

104 3239 155 3303 vel
187 3259 206 3300 a
238 3242 386 3320 suscepto
419 3237 524 3302 studio
559 3237 683 3322 ingenii
713 3241 878 3307 mobilitas
911 3252 1074 3316 avocavit

104 3325 199 3392 Vires
226 3323 319 3406 mihi,
350 3345 391 3387 nc
418 3324 464 3405 id,
496 3323 538 3387 ad
565 3328 651 3410 quod
676 3331 747 3394 toto
774 3335 904 3414 pectore
930 3333 1074 3423 ferebar,

105 3433 327 3499 consequerer,
351 3410 527 3476 defuerunt.
564 3413 656 3490 Quod
678 3418 782 3501 potui,
804 3419 840 3481 in
862 3439 900 3483 eo
924 3442 977 3485 me
993 3445 1073 3490 con·

105 3505 201 3587 tinui,
227 3504 265 3566 ut
290 3501 434 3582 illorum,
462 3499 518 3582 qui
544 3501 605 3567 hae
627 3505 721 3568 laude
747 3505 937 3592 floruerant,
965 3510 1072 3580 libros
