2332 3824
141 119 186 159 44
519 90 657 149 oufflo
674 91 724 147 m.

140 238 193 305 vel
222 238 365 305 invidiae
391 256 518 303 veneno
546 235 674 317 suffusi,
705 235 747 301 sd
772 258 867 321 quse
893 242 1069 328 aspirare]

141 349 209 394 non
231 331 369 413 queunt,
386 348 425 391 ea
438 329 602 409 praestare
620 324 702 388 ahos
722 324 982 416 indignantur,
1002 332 1075 399 vell

141 418 239 502 nique
261 416 362 501 quod,
388 415 416 479 si
439 412 549 479 omnia
570 412 707 477 aliorum
728 415 877 479 oonsilio
903 422 1013 504 atquo
1034 420 1079 485 ins

141 510 215 571 tuta
236 502 489 589 reprehendant,
515 501 563 566 its
585 522 620 565 se
647 500 777 565 demum
806 502 878 567 sibi
903 507 1089 593 aliqum

142 594 217 659 dieii
248 592 372 656 famam
402 589 607 655 confecturos
643 608 713 653 esse
748 588 951 679 confidunt,
991 618 1056 681 qna
1083 596 1096 660 i

143 703 177 745 re
200 679 296 744 nobis
317 678 390 743 laus
412 699 451 742 ao
473 676 710 742 commendatio
733 676 891 764 debetur,
920 703 968 749 ea
995 686 1036 751 in
1055 685 1102 770 ips

142 766 375 851 reprehendere
397 785 459 830 nos
481 768 579 849 atque
596 784 747 831 securare
763 784 835 830 non
854 775 1041 858 verentur,
1062 773 1108 839 ds

143 858 297 938 mantquo
319 854 480 940 regendos
502 875 572 918 esse
593 851 833 938 professionum
854 854 967 943 fines,
991 861 1112 946 miquo

144 964 304 1028 quamque
325 943 484 1009 limitibus
505 963 544 1006 so
571 941 719 1007 terminis
745 943 988 1031 astruendam,
1017 969 1114 1033 noque

143 1033 348 1118 patiendum,
365 1036 404 1097 ut
420 1035 478 1097 aut
495 1029 682 1114 philosophi
694 1049 778 1113 quae
790 1033 871 1094 sunt
884 1033 1116 1119 eloquentium

144 1127 316 1206 usurpent,
344 1123 402 1184 aut
428 1118 540 1183 diserti
566 1116 791 1202 philosophias
813 1117 1012 1207 attingant,
1040 1126 1116 1191 eius·

145 1229 208 1292 que
234 1208 282 1272 rei
308 1207 453 1271 rationes
480 1206 637 1289 quasdam
659 1205 813 1288 afferunt,
837 1225 909 1271 non
933 1210 1118 1279 admodum

145 1295 268 1361 validas
281 1295 355 1359 illas
369 1292 514 1378 quidem,
532 1293 588 1359 sed
607 1315 690 1378 quae
707 1297 817 1358 tamen
835 1292 988 1377 aliquem
1007 1302 1117 1367 minus

145 1385 285 1469 peritum
310 1383 347 1447 in
371 1381 519 1447 fraudem
545 1382 697 1447 inducere
727 1401 822 1466 posse
847 1380 1050 1454 videantur:
1076 1422 1115 1437 -

146 1473 246 1538 statui
271 1471 428 1538 hodierno
456 1470 520 1554 die,
547 1469 734 1554 Auditoros,
762 1468 855 1535 robis
881 1468 1116 1557 disceptatori-

146 1559 206 1624 bus
225 1563 322 1643 atquo
340 1558 483 1643 arbitris,
500 1558 654 1623 adversus
667 1580 724 1624 eos
736 1557 906 1641 disserere,
923 1563 959 1624 et
977 1565 1116 1646 quidm

146 1667 187 1712 es
201 1647 274 1732 lege
297 1647 466 1730 disserere,
487 1650 539 1730 ut,
560 1647 625 1711 nisi
645 1666 715 1731 eos,
735 1667 804 1711 non
825 1645 931 1710 disum
950 1669 1034 1735 ego,
1059 1652 1116 1718 sed

146 1735 218 1822 ipsa
240 1734 448 1821 philosophia
469 1734 672 1820 eloquentiae
694 1735 792 1800 armis
818 1734 982 1800 instructa
1003 1738 1115 1826 frego-

148 1826 232 1911 gerit
253 1828 350 1911 atque
372 1823 538 1907 abiecerit,
565 1844 711 1888 caussam
733 1822 858 1887 nullam
879 1821 1002 1909 dicam,
1030 1828 1114 1911 quin

147 1915 195 1980 illi
217 1915 381 2000 praeclare
403 1912 536 1996 sentire,
562 1932 623 1977 nos
647 1911 803 1995 desipere,
828 1909 877 1975 illi
903 1912 1115 1980 considerate

148 2024 186 2068 ao
213 2004 375 2088 sapienter
401 2001 504 2087 loqui,
534 2021 596 2066 nos
622 1999 792 2064 vaticinari
824 2001 920 2083 atque
952 1998 1115 2088 insanire,

148 2091 197 2155 illi
215 2092 329 2156 studiis
349 2090 589 2156 adolescentum
603 2087 908 2172 optimeoonsulere,
920 2086 1112 2155 nosiisdem

149 2176 428 2241 evhementissime
442 2177 571 2242 offioere
584 2176 770 2241 iudicemur.
787 2174 973 2261 Intelligitis
988 2180 1114 2263 autem,

150 2284 219 2328 esse
241 2263 322 2327 mihi
344 2284 418 2327 oum
444 2261 563 2346 duplici
588 2262 758 2326 hominum
784 2283 902 2346 genere
928 2264 1112 2349 negotium,

150 2372 287 2435 quorum
310 2351 366 2415 alii
388 2350 491 2415 levem
514 2354 548 2414 et
568 2348 763 2413 ineruditam
784 2349 1029 2436 loquacitatem,
1051 2354 1111 2419 alii

150 2439 335 2504 inornatam
357 2441 391 2504 et
411 2437 602 2503 indisertam
623 2435 863 2521 philosophiam
885 2439 1004 2504 colunt.
1040 2439 1110 2506 Ad·

151 2549 262 2592 versus
285 2549 366 2611 quos
384 2529 538 2610 utrosque
556 2525 633 2590 dum
650 2524 787 2609 dissero,
807 2529 883 2612 peto
902 2549 922 2591 a
938 2526 1031 2593 vobis
1049 2550 1113 2613 per

151 2637 206 2680 eas
228 2615 316 2700 ipsas
338 2618 437 2697 artes,
464 2614 503 2678 de
530 2611 646 2697 quibus
673 2611 777 2678 dicere
803 2614 943 2700 institui,
969 2636 1110 2698 quarum

152 2705 327 2788 utrsmque
357 2702 450 2768 vobis
477 2701 694 2787 maximopere
727 2702 816 2768 cordi
848 2724 918 2769 esse
948 2704 1040 2787 novi,
1071 2708 1110 2770 ut

152 2790 295 2857 studium
325 2812 433 2856 meum
465 2790 644 2856 attentione
675 2794 783 2856 vestra
814 2790 971 2873 excitetis,
1003 2793 1109 2856 atten-

151 2879 275 2945 tionem
298 2879 426 2946 silentio
448 2878 605 2944 indicetis.

218 2968 363 3032 Primum
385 2970 494 3032 autem
511 2967 757 3052 congrediamur
774 2989 849 3033 oum
871 2966 1015 3033 deliostis
1036 2966 1110 3032 istis

152 3054 186 3116 et
212 3056 378 3137 mollibus,
405 3075 485 3137 quos
512 3055 645 3138 perinde
672 3076 710 3120 ao
736 3077 854 3140 parvos
880 3055 1032 3140 puerulos
1060 3076 1109 3120 ss·

152 3160 229 3205 vera
251 3144 284 3205 et
305 3143 400 3205 torva
423 3140 658 3224 quodammodo
686 3142 910 3228 philosophiae
936 3141 1036 3207 facies
1062 3142 1111 3208 ita

154 3227 306 3311 deterret,
329 3231 366 3292 ut
389 3227 430 3291 ad
453 3249 524 3292 eam
569 3228 680 3311 ropius
702 3231 852 3297 accedere
874 3251 943 3297 non
960 3230 1110 3295 audeant.

154 3315 341 3382 diffiniemus
365 3315 452 3381 enim
475 3315 514 3379 de
537 3250 663 3379 duobus
686 3317 837 3404 alterum,
859 3321 897 3385 ut
914 3322 972 3382 aut
988 3317 1054 3382 fusi
1071 3339 1110 3383 aa

156 3406 261 3494 fugati
274 3404 401 3472 molesti
414 3403 509 3469 nobis
528 3422 599 3469 esse
617 3401 781 3490 dennant,
799 3410 869 3492 aut,
887 3404 974 3490 quod
991 3405 1113 3491 malim,
