2332 3824
123 183 188 247 142
485 180 712 273 ORATIOIXIV.

122 327 200 392 dent
222 330 255 391 et
276 326 403 411 pictura
425 329 458 390 et
480 325 569 391 omni
587 325 725 409 denique
742 323 933 388 imitatione.
965 321 1083 390 Omnis

122 419 231 480 autem
256 415 394 479 imitatio
424 413 523 479 videri
550 413 621 478 vult
646 412 693 497 id,
721 412 807 496 quod
833 433 902 478 non
929 415 994 497 est,
1021 412 1084 477 ita·

123 525 184 588 que
212 503 351 587 quodam
379 523 496 587 genere
523 500 726 566 mendacium
758 503 815 565 est.
854 498 969 583 Neque
1004 522 1082 566 vero

123 594 252 656 tantum
265 591 403 655 libenter
417 611 455 653 ea
469 589 613 654 videmus
631 609 782 673 expressa
801 588 977 671 coloribus,
998 609 1083 672 quae

123 701 200 745 vera
229 678 401 760 delectant,
428 679 465 741 ut
490 698 659 743 nemorum
684 680 914 761 pratorumque
936 675 1083 740 viridita-

124 770 202 850 tem,
232 765 380 829 tellurem
406 765 576 849 multiplici
602 764 764 829 variorum
792 764 909 832 florum
935 764 1083 849 tegmine

124 854 306 938 opacatam,
335 853 451 917 eximia
481 874 599 937 pueros
629 852 840 935 mulieresque
871 852 993 935 forma3
1026 852 1083 917 sed

124 963 162 1005 ea
189 940 299 1024 etiam,
331 962 413 1024 quae
440 962 516 1006 vera
546 939 654 1005 videre
684 940 857 1024 nollemus,
888 939 1083 1004 mirabiliter

123 1050 184 1094 nos
215 1029 303 1112 picta
329 1029 502 1094 delectant:
537 1026 693 1093 Hercules
723 1028 843 1092 liberos
873 1027 1083 1112 interficiens,

124 1116 307 1201 discerpens
339 1115 519 1181 Pentheum
554 1119 672 1200 mater,
706 1119 780 1181 rota
816 1116 945 1180 volutus
976 1114 1082 1200 Ixion,

123 1205 211 1269 iecur
247 1205 368 1269 vulturi
402 1204 560 1286 praebens
591 1203 803 1269 Prometheus
839 1207 1009 1287 ceteraque
1041 1203 1081 1268 de

123 1296 292 1375 poetarum
335 1291 511 1357 mendaciis
555 1291 716 1375 pictorum
760 1291 854 1376 quasi
897 1295 1081 1376 propagata

124 1377 299 1442 mendacia.
345 1377 428 1454 Quid
459 1379 638 1463 eluviones,
672 1379 836 1463 incendia,
863 1380 993 1464 ruinas,
1024 1379 1080 1444 do·

124 1488 251 1532 morum
275 1465 466 1550 urbiumque
494 1466 690 1552 direptiones
720 1466 858 1551 loquar?
890 1489 973 1551 quae
1005 1489 1081 1532 vera

125 1555 196 1618 sani
219 1576 330 1620 omnes
352 1555 533 1640 refugiunt,
560 1555 648 1639 picta
670 1577 795 1620 summa
817 1576 891 1620 cum
913 1557 1080 1639 voluptate

124 1643 299 1707 intuentur.
340 1643 389 1708 Ac
416 1643 567 1708 admirari
594 1642 723 1727 quidem
753 1644 908 1728 solemus,
939 1644 967 1708 si
999 1664 1092 1726 quos·

124 1730 289 1795 videamus
325 1731 427 1797 nihilo
459 1731 613 1797 maiorem
644 1752 661 1795 e
691 1731 776 1795 fictis
813 1753 911 1815 quam
947 1752 965 1795 e
996 1731 1080 1796 veris

125 1821 325 1903 voluptatem
346 1820 523 1904 percipere,
550 1839 668 1902 eosque
689 1819 786 1884 rudes
808 1840 879 1883 esse
902 1822 999 1903 atque
1021 1819 1080 1883 im-

125 1909 244 1992 politos
276 1908 462 1972 iudicamus.
504 1905 689 1972 Cuiusmodi
715 1907 770 1971 ille
799 1905 885 1972 Laco
916 1907 994 1991 fuit,
1025 1907 1080 1990 qui

126 1996 239 2060 ceteris
261 1996 407 2060 tabulam
428 1994 590 2080 quandam
608 1994 719 2080 magni
736 1994 944 2079 facientibus,
963 1996 998 2059 in
1017 2015 1080 2078 qua

125 2083 230 2167 pictus
254 2087 324 2148 erat
340 2083 533 2169 praepingui
548 2083 688 2148 rusticus
713 2104 846 2166 corpore
869 2083 911 2147 ad
931 2083 1080 2147 umbram

126 2171 250 2246 arboris
273 2175 393 2235 stratus
415 2191 535 2255 magna
557 2191 631 2236 oum
655 2170 891 2255 significatione
913 2170 1080 2256 languoris

127 2279 164 2322 ac
191 2258 344 2341 desidiae,
370 2260 503 2343 negavit
528 2280 601 2322 eam
623 2259 684 2323 sibi
706 2259 846 2343 placere,
874 2259 961 2342 quod
981 2259 1081 2322 talem

125 2344 289 2409 hominem
307 2366 348 2409 ne
366 2346 475 2410 vivum
494 2346 622 2430 quidem
638 2346 824 2411 insedibus
842 2345 962 2411 habere
975 2347 1079 2411 vellet.

125 2432 171 2497 Et
188 2430 437 2518 Anacharsis*),
461 2434 516 2516 qui
535 2433 690 2497 invitatus
709 2433 751 2496 ad
769 2434 965 2499 audiendum
983 2455 1080 2519 quen·

127 2520 214 2603 dam,
255 2520 310 2603 qui
349 2520 482 2584 mirifice
521 2519 676 2585 lusciniae
717 2524 850 2587 cantum
883 2523 1081 2605 imitabatur,

128 2611 317 2760 asperrplatus
345 2610 531 2761 estfflveras
558 2607 619 2673 sibi
640 2608 803 2763 tlibsriinias
831 2631 941 2763 sapaplpa
953 2610 1081 2712 auditas

127 2718 196 2762 esse
250 2717 346 2760 mens.
473 2717 544 2782 qurs
580 2718 640 2763 nos
757 2719 826 2763 non
972 2719 1082 2764 omma

126 2785 227 2870 pluris
249 2786 349 2851 faciat
370 2785 510 2872 imitata,
532 2808 630 2872 quam
647 2785 744 2852 vera?
772 2784 860 2862 Quas
878 2789 987 2852 autem
1005 2807 1083 2852 vera

127 2896 224 2940 vacca
245 2879 415 2960 tantopere
437 2897 581 2960 unquam
607 2875 768 2940 celebrata
793 2877 856 2958 est,
882 2878 1083 2958 quantopere

126 2984 224 3027 vacca
254 2964 424 3049 Myronis?
469 2963 634 3047 Numquid
664 2963 765 3047 igitur
799 2961 966 3027 hominem
996 2963 1084 3028 falso

128 3049 267 3131 gaudere
299 3051 462 3115 dicemus?
502 3050 605 3114 Im1no
636 3071 713 3114 vero
744 3055 880 3115 naturae
912 3050 1085 3115 hominurn

128 3134 230 3196 amica
260 3159 362 3218 paene
394 3139 512 3203 veritas
544 3138 606 3217 est,
645 3158 749 3221 neque
785 3139 873 3203 aliud
906 3139 1084 3223 quidquam

127 3219 294 3286 mendacio
322 3225 460 3308 gratiam
487 3223 650 3309 conciliat,
677 3248 775 3310 quam
799 3227 938 3292 imitatio
966 3227 1084 3291 verita-

182 3359 208 3428 *t
231 3359 418 3415 Anacharsidi
442 3377 478 3416 un
501 3362 609 3416 veteres
631 3362 686 3418 hoc
709 3364 816 3418 dictum
839 3364 1003 3432 tribuerint,
1026 3381 1085 3420 nou

130 3433 212 3488 vacat
234 3446 373 3499 quaerere.
411 3431 542 3503 Agesilao
565 3432 668 3488 tribuit
684 3433 853 3490 Plutarchus
872 3434 1084 3506 Apophthegm.

128 3521 155 3574 p.
176 3508 234 3557 191.
252 3501 283 3556 Β.
320 3501 429 3555 Ruhnk.
