2332 3824
178 184 223 255 94
597 190 736 249 ORATIO
756 192 805 250 ln

179 337 432 421 sapientissimos
450 358 606 422 quosque,
623 339 662 401 ut
679 339 928 408 attererentur
947 345 1081 412 assidue
1093 368 1144 410 mc-

178 426 274 491 nibus
298 430 332 490 et
353 449 374 491 a
395 426 555 511 plerisque
578 424 676 490 etiam
694 424 736 489 ad
758 426 905 494 verbnm
925 433 1143 500 ediscerentn.

178 512 269 579 Inter
305 534 385 598 quos
421 514 553 579 minime
589 515 870 580 contemnendum
909 524 966 584 est
1004 523 1141 588 iudicium

177 601 354 666 Alexandri
372 599 494 686 Severi,
511 601 718 687 Imperatoris
733 603 853 686 optimi
875 609 913 670 et
934 610 1141 693 eruditissimi,

179 690 218 754 de
240 711 304 773 quo
326 688 374 753 ita
397 690 509 754 scribit
530 688 746 774 Lampridius:
782 690 865 757 Post
887 699 985 762 acas
1009 700 1140 782 publicos

177 796 230 841 sea
252 777 370 842 bellicos
391 797 444 846 sea
465 779 581 857 civiles,
604 778 724 844 ledani
743 775 889 846 maaca
907 803 1045 866 mnam
1061 788 1139 852 mac

177 884 241 928 rem
268 865 373 945 dabat,
400 867 437 931 dc
461 867 617 949 republica
642 864 737 931 libros
758 865 913 935 Platones
942 873 1059 958 lcqerm
1091 874 1138 940 Ia

178 953 246 1018 aaa
273 956 342 1019 dum
369 955 486 1038 leperet,
513 975 577 1020 aaa
602 954 669 1020 ala
694 955 797 1037 ’καρὰ
824 954 961 1040 lcpebat,
995 963 1138 1047 qaam

178 1041 290 1125 officiis
317 1042 471 1109 Οιὶθνοτιὸε
492 1045 578 1108 etde
603 1041 766 1126 republica·
802 1041 852 1109 Ut
873 1047 966 1114 mihi
989 1050 1057 1118 hoc
1079 1072 1136 1136 quc

179 1152 240 1214 que
272 1131 414 1214 perbelle
446 1131 597 1196 cecidisse
627 1130 788 1215 videatur,
825 1135 921 1216 quod
957 1158 1037 1204 cnm
1068 1159 1136 1205 anno

180 1219 337 1300 superiori
381 1219 481 1283 libros
527 1219 651 1303 aliquot
693 1216 843 1283 Platonis
890 1222 936 1288 de
985 1227 1137 1314 republica

178 1304 383 1387 interpretati
424 1307 536 1391 simus,
577 1307 623 1372 eis
663 1326 750 1370 nunc
792 1306 1016 1380 subiiciamus
1056 1317 1136 1381 inter·

177 1392 392 1478 pretationem
420 1394 577 1459 librorum
608 1393 771 1460 ciceronis
808 1395 848 1459 de
881 1398 1025 1490 officiis,
1061 1400 1136 1489 quasi

177 1482 446 1565 praestantissimi
468 1485 502 1548 et
524 1482 740 1568 sapientissmi
761 1481 985 1568 Imperatoris
1015 1489 1135 1577 vestigiss

179 1591 418 1725 perfidedldlatliblil
442 1663 504 1746 est,
532 1659 617 1744 quod
644 1659 748 1744 magis
775 1659 918 1728 invitare
948 1669 1055 1753 atque
1081 1665 1135 1733 ulli·

178 1767 248 1811 cere
284 1767 344 1811 nos
382 1748 497 1813 debeat
532 1748 573 1812 ad
609 1751 792 1812 accuratam
827 1748 950 1817 horum
991 1757 1135 1823 libromn

177 1836 361 1921 lectionem,
384 1859 481 1921 quam
502 1858 553 1901 res
575 1836 678 1920 ipsae,
701 1835 740 1900 de
763 1835 880 1919 quibus
904 1839 942 1904 in
967 1844 1020 1910 eis
1043 1845 1135 1929 dispu-

177 1928 274 1991 tatur.
315 1923 492 1991 Continent
519 1925 606 1989 enim
631 1927 804 2009 praecepta
835 1925 988 2014 muitis,
1024 1933 1136 2012 docent,

180 2015 341 2098 quomodo
365 2014 584 2099 unusquisque
611 2013 648 2079 in
675 2012 764 2078 omni
790 2016 883 2096 parte
912 2017 1008 2083 vitae
1038 2038 1136 2107 gerere

179 2125 212 2166 se
240 2104 370 2187 debeat,
398 2104 517 2187 quida
547 2119 674 2187 quoque·
699 2101 894 2186 postuletur,
924 2106 1010 2188 qnid
1040 2129 1135 2195 quem

179 2210 239 2271 que
272 2191 395 2274 deceat,
432 2192 508 2274 quid
539 2191 664 2274 patriae
699 2189 933 2274 praestandum
972 2195 1035 2280 sit,
1072 2193 1135 2282 quid

176 2277 380 2359 parentibus,
403 2278 479 2359 quid
501 2279 692 2362 propinquis
716 2276 892 2360 ceterisque
911 2282 1048 2371 amicis,
1071 2281 1135 2370 quid

177 2362 327 2512 amplerso
363 2364 532 2428 hominum
568 2367 692 2449 generi,
732 2387 770 2430 ea
806 2364 961 2451 denique,
1005 2391 1136 2456 quorum

178 2452 231 2513 stu
256 2450 320 2512 'um

285 2585 378 2656 Aeque
391 2587 566 2656 pauperibus
579 2589 707 2657 prodest,
725 2590 902 2659 locupletibus
920 2608 1023 2664 aeque,

283 2657 375 2728 Aeque
392 2658 540 2728 aepleclam
553 2660 650 2729 pueris
667 2662 827 2732 senibusque
843 2661 992 2732 acerbam.

178 2800 326 2871 Socrates
351 2804 492 2891 quidem,
520 2806 575 2891 qui
601 2806 637 2871 in
662 2806 714 2872 his
737 2810 770 2872 et
795 2804 914 2869 talibus
943 2811 1137 2890 quaerendis

179 2895 321 2960 studium
345 2917 439 2960 omne
463 2898 702 2979 consumerent,
725 2915 780 2960 eos
803 2913 914 2975 sapere
937 2916 1027 2962 unos
1051 2922 1137 2984 prae

178 2983 320 3065 dicabat;
352 2985 420 3067 qui,
450 2983 501 3047 his
528 2983 697 3067 neglectis,
729 2982 769 3046 de
795 2984 913 3044 natura
940 2988 1076 3071 mundi,
1103 2988 1138 3052 de

177 3070 273 3131 rebus
319 3071 456 3152 superis,
500 3069 540 3132 de
581 3069 702 3132 caussis
747 3071 929 3152 ventorum,
976 3072 1139 3156 imbrium,

177 3151 343 3235 fulgurum
383 3154 702 3241 philosopharentur,
744 3158 887 3239 desipere
928 3156 1139 3229 hallucinari·

179 3258 240 3320 que
264 3238 457 3326 dicebat**).
497 3241 547 3306 Eo
576 3245 684 3307 autem
710 3243 746 3309 hi
772 3244 846 3308 libri
870 3265 890 3307 a
917 3247 1079 3339 cordatis,
1105 3255 1142 3318 nt

232 3450 258 3518 ²⁸)
276 3447 372 3503 Horat.
393 3463 436 3517 ep.
454 3448 475 3502 Ι.
496 3455 538 3505 25.
558 3470 598 3522 sq.

214 3523 259 3592 **)
278 3518 405 3590 Xenoph.
424 3516 538 3577 Memor.
559 3522 632 3577 Scor.
651 3522 673 3577 Ι.
693 3529 717 3577 1.
737 3528 779 3578 11.
