2332 3824
169 126 211 189 10
555 118 691 179 ORATIO
709 120 736 177 L

168 269 234 336 suis
266 290 397 355 operam
428 266 636 351 praestitisse.
676 261 760 339 Quid
790 264 852 331 illa
886 276 1140 361 propugnacula

169 356 333 442 Graeciae,
365 356 533 438 Periclem,
566 352 831 436 Themistoclem,
863 353 1140 441 Epaminondam

168 446 305 531 loquar?
341 442 425 520 Quid
452 443 509 506 illa
534 439 675 506 Romani
700 439 828 523 imerii
856 445 1058 538 columina,
1086 452 1140 520 Sci·

168 536 297 618 piones,
319 531 484 614 Lucullos,
506 528 638 612 Fabios,
661 526 847 611 Marcellos,
868 531 1035 621 aliosque
1054 541 1140 607 imru

168 621 338 687 merabiles
359 616 544 702 proferam?
573 638 652 702 quos
676 635 786 681 omnes
809 635 886 681 cum
916 619 1058 692 bellicis
1081 630 1141 694 lm

170 709 264 773 dibus
278 707 395 789 claros,
409 708 479 769 tum
492 708 695 788 praestantes
709 702 875 768 doctrinae
894 710 1026 778 studiis
1046 717 1141 782 fuisse

169 795 323 860 historiae
354 794 539 877 loquuntur.
582 791 669 858 Nam
699 790 819 857 Iulium
850 788 1041 867 Caesarem
1075 804 1141 888 quis

169 882 285 966 nescit,
316 885 390 947 utra
420 881 515 947 laude
541 883 733 966 praestaret,
765 879 962 964 ambiguum
996 892 1141 973 posteris

170 970 375 1056 reliquisset
394 969 515 1037 Brutus
534 972 642 1034 autem
661 971 783 1052 quanto
805 967 998 1039 litterarum
1023 980 1140 1045 ardore

169 1060 363 1147 flagraverit,
376 1062 428 1125 rel
437 1081 476 1123 ex
485 1080 522 1123 eo
533 1056 643 1142 colligi
655 1059 772 1141 potest,
785 1055 872 1139 quod
884 1076 926 1121 ea
938 1059 1021 1143 ipsa
1035 1071 1140 1152 nocta,

171 1171 252 1233 quae
279 1152 415 1212 mortem
442 1145 543 1229 ipsius
571 1144 757 1228 antecessit,
783 1142 933 1208 Platonis
962 1147 1138 1240 dialogum

171 1236 211 1300 de
225 1234 406 1299 animorum
422 1233 664 1298 immortalitate
677 1232 793 1317 legisse
811 1231 986 1314 aliquoties
1007 1239 1138 1307 dicitur.

170 1322 279 1406 Atque
300 1321 363 1387 hoc
385 1321 548 1406 praeclare
571 1321 648 1386 olim
675 1320 870 1385 intellexisse
891 1319 1056 1393 videntur
1078 1330 1137 1395 Mi-

171 1410 320 1496 tylenaei,
333 1410 540 1495 praecipuam
553 1430 621 1473 esse
635 1409 670 1473 in
678 1408 843 1492 republica
855 1407 922 1472 vim
935 1408 1136 1503 litterarum,

173 1500 241 1582 qui,
272 1521 352 1583 quos
379 1499 517 1588 populos
547 1496 632 1562 bello
665 1492 900 1582 devicerant*),
927 1499 1060 1567 nullam
1091 1506 1136 1571 eis

173 1586 270 1649 aliam
291 1608 430 1669 poenam
451 1585 654 1672 irrogabant,
680 1584 757 1668 nisi,
783 1587 822 1649 ut
842 1605 885 1648 ne
906 1582 1031 1654 liberos
1056 1614 1135 1660 suos

172 1674 298 1738 litteras
325 1673 503 1738 edocerent.
545 1671 697 1738 Sciebant
722 1671 883 1756 videlicet,
914 1692 969 1737 eas
997 1679 1135 1746 tantum

174 1763 320 1830 civitates
343 1761 456 1828 florere
478 1783 585 1848 posse,
613 1761 787 1844 inquibus
814 1760 997 1825 litterarum
1021 1770 1134 1834 studia

174 1855 363 1919 colerentur.
399 1849 497 1917 Cuius
520 1851 567 1915 rei
590 1870 646 1914 eur
667 1849 799 1913 tandem
826 1847 955 1913 aliunde
980 1858 1133 1940 exempla

173 1941 377 2028 repetamus?
413 1938 468 2007 An
489 1961 579 2023 vare,
607 1937 705 2022 cives,
733 1937 819 2021 quod
844 1937 934 2022 viget
954 1936 1056 2005 hodie
1080 1966 1132 2009 ve-

175 2034 241 2097 stra
262 2031 456 2117 respublica,
484 2028 570 2114 quod
591 2025 696 2112 floret,
720 2025 805 2111 quod
828 2026 924 2090 beata
946 2028 1008 2109 est,
1033 2033 1132 2118 quod,

175 2137 247 2179 cum
270 2124 394 2183 ceterae
421 2119 507 2183 orbis
533 2116 675 2182 universi
701 2118 810 2200 partes
835 2114 1035 2199 gravissimis
1064 2119 1131 2186 bel·

174 2201 279 2265 lorum
304 2205 551 2288 tempestatibus
578 2203 755 2285 agitentur,
781 2223 848 2266 una
869 2202 949 2266 haec
973 2198 1077 2286 (quod
1102 2209 1132 2273 ei

174 2287 263 2354 Deus
291 2293 356 2373 opt.
384 2311 466 2354 max.
492 2289 658 2373 proprium
685 2309 723 2351 ac
750 2292 941 2371 perpetuum
967 2290 1066 2378 faxit)
1095 2296 1132 2360 in

175 2398 253 2460 pace
277 2380 373 2461 atque
394 2378 430 2442 in
449 2378 515 2444 otio
534 2373 744 2459 conquiescit,
767 2375 895 2440 aliunde
917 2376 951 2440 id
973 2377 1044 2442 fieri
1063 2403 1131 2447 cre-

175 2465 264 2548 ditis,
284 2487 380 2548 quam
399 2466 485 2550 quod
505 2465 534 2529 ei
552 2467 586 2528 et
597 2467 753 2547 praesunt
764 2464 912 2529 homines
926 2485 999 2528 cum
1012 2471 1131 2536 ceteris

177 2553 339 2636 omnibus,
365 2557 436 2618 tum
462 2554 523 2618 hac
551 2551 740 2616 eruditionis
768 2555 801 2616 et
828 2553 1003 2636 sapientiae
1032 2555 1130 2622 laude

177 2639 358 2723 clarissimi,
385 2644 419 2705 et
441 2662 566 2725 semper
588 2660 698 2704 eorum
720 2640 874 2706 simillimi
895 2640 1130 2724 praefuerunt?

176 2727 204 2792 Ο
227 2727 333 2792 divine
346 2727 454 2811 Plato,
475 2732 533 2792 tua
555 2730 633 2804 sunt
645 2728 754 2793 omnia
776 2733 809 2793 et
830 2729 963 2794 dictast
984 2731 1132 2814 cogitata

175 2817 347 2899 praeclare.
370 2815 420 2880 Tu
434 2816 536 2881 dicere
551 2816 686 2900 solebas,
698 2820 776 2882 tunc
790 2819 918 2882 demum
930 2817 1130 2900 respublicas

177 2904 287 2968 beatas
301 2903 380 2987 fore,
394 2925 467 2969 cum
481 2925 534 2967 eas
549 2907 606 2968 aut
618 2904 804 2992 philosophi
816 2905 995 2988 coepissent
1008 2927 1131 2993 regere,

176 2994 234 3054 aut
247 2992 302 3074 qui
315 2994 477 3076 regerent,
499 2990 738 3074 philosophari.¹
762 2991 866 3058 Tuum
883 2992 946 3056 hoc
960 2993 1129 3077 sapientis·

177 3079 293 3142 simum
312 3081 476 3144 oraculum
494 3082 651 3163 perpetua
671 3079 737 3142 iam
759 3081 846 3144 mille
869 3080 1006 3163 amplius
1029 3103 1129 3148 anno·

176 3187 249 3230 rum
270 3167 424 3232 felicitate
448 3166 648 3233 Venetorum
669 3168 851 3250 respublica
873 3169 1103 3250 comprobavit.

230 3304 256 3387 ⁴⁸)
275 3305 408 3360 Aelianus
421 3304 464 3387 .V·
478 3304 512 3358 Η.
531 3302 591 3358 VII.
612 3307 653 3356 15.
676 3303 750 3358 unde
772 3305 842 3386 baec
865 3301 953 3383 dueta
972 3309 1049 3374 sunt,
1074 3324 1130 3363 non

177 3375 306 3461 lpostibas
324 3375 444 3458 demetr}
461 3375 536 3430 hane
556 3388 678 3460 poenam
698 3376 881 3429 constitutam
898 3369 981 3440 dreit,
1005 3377 1131 3442 sedeate

178 3444 379 3516 αφισταμένοις
397 3465 453 3501 των
471 3463 630 3517 συμμαχων.
648 3442 760 3498 Ruhnk.
