2332 3824
156 189 197 254 78
455 193 472 200 “
518 190 654 249 ORATIO
673 191 747 248 vm.

154 336 305 426 ingenuis
332 357 370 404 ao
395 337 505 403 liberis
533 337 634 403 excoli
663 339 918 402 consentaneum
947 338 1118 404 iudicaret.

156 428 243 505 Quin
279 428 376 492 etiam
413 449 485 491 eum
517 423 630 490 Graeci
661 446 771 489 earum
803 425 1032 510 cognitionem
1064 449 1118 492 sua

156 517 269 602 lingua
291 517 350 580 tali
372 515 512 599 quodam
533 513 690 579 vocabulo
714 513 910 597 affecissent,
931 535 975 578 ex
999 537 1065 599 quo
1086 515 1118 579 id

155 605 251 671 modo
279 603 525 688 intelligeretur,
554 602 664 666 statim
692 623 711 665 a
737 601 877 685 pueritia
904 601 1052 668 dandam
1075 604 1118 667 eis

157 714 288 777 operam
310 712 393 775 esse,
415 689 553 755 maiores
576 690 681 754 nostri
701 689 777 773 hoc,
799 692 838 753 ut
859 688 1034 776 pleraque,
1056 713 1116 756 me

155 780 218 844 lius
241 799 278 842 ao
301 779 492 863 sapientius:
515 778 571 861 qui
591 781 698 842 totum
719 777 782 842 hoc
796 777 916 841 artium
935 799 1044 862 genus
1061 780 1115 844 hu·

156 867 346 931 manitatem
368 869 539 951 vocarunt,
562 866 670 950 crede,
696 865 890 948 indicantes,
918 886 992 931 non
1015 869 1115 932 multo

156 955 263 1019 minus
294 956 379 1021 inter
410 955 557 1020 homines
589 954 710 1018 talibus
743 951 922 1037 disciplinis
955 956 1115 1038 expolitos

157 1047 191 1108 et
212 1045 328 1130 vulgus
352 1044 501 1127 aliorum,
529 1063 626 1126 quam
652 1042 738 1105 inter
765 1043 887 1106 ceteros
915 1043 951 1105 et
977 1044 1115 1126 pecudes

157 1132 320 1197 interesse.
356 1131 512 1196 Homines
546 1130 632 1193 enim
663 1129 787 1193 duabus
819 1128 993 1213 praecipue
1023 1132 1115 1196 rebus

158 1243 177 1284 a
205 1220 318 1283 ceteris
346 1217 564 1281 animantibus
592 1216 814 1301 discernimur,
845 1217 973 1282 ratione
1008 1222 1043 1283 et
1069 1241 1115 1283 ra·

158 1306 256 1371 tionis
284 1307 460 1389 interprete
489 1304 635 1369 oratione
676 1326 812 1389 quarum
841 1308 980 1388 utraque
1003 1307 1116 1391 ineis,

160 1395 214 1479 qui
244 1394 361 1458 harum
393 1393 510 1457 artium
542 1396 687 1478 expertes
720 1397 809 1477 sunt,
840 1393 929 1456 rudis
963 1395 1115 1479 quodam·

157 1483 253 1548 modo
286 1486 319 1547 et
349 1482 515 1567 inchoata,
547 1482 602 1566 qui
634 1502 688 1546 eas
719 1481 802 1546 bene
833 1481 964 1565 penitus
998 1484 1115 1549 combi-

158 1570 289 1655 berunt,
320 1571 464 1655 perfecta
489 1571 526 1634 in
552 1570 617 1634 illis
644 1573 740 1654 atque
768 1569 917 1634 absoluta
943 1574 1004 1636 est.
1045 1571 1116 1636 Ari·

159 1657 284 1742 stippus
299 1659 440 1743 quidem,
463 1680 536 1722 cum
550 1658 739 1742 quaesiisset
756 1657 886 1742 quidam
904 1679 944 1721 ex
962 1679 1016 1744 eo,
1040 1659 1117 1744 quid

158 1746 236 1812 boni
257 1747 324 1812 filio
349 1768 407 1812 suo
431 1748 568 1810 allatura
590 1746 726 1811 eruditio
750 1750 847 1829 esset,
868 1746 898 1810 si
918 1746 1003 1812 nihil
1020 1749 1118 1826 uliud,

158 1835 213 1901 tec
235 1842 322 1914 certa
345 1834 463 1919 inquit,
489 1835 626 1916 quodie
648 1834 763 1898 theatro
782 1833 916 1916 lupisia
936 1835 1118 1917 lopikteuoa

158 1926 276 1990 sedebit.
325 1922 477 2007 Idemque
517 1923 623 2007 alteri,
664 1923 735 2006 qui,
771 1943 844 1986 cum
880 1921 942 1985 sibi
978 1925 1118 1989 nimium

159 2011 624 2166 mqgnamltmerqedeqrtposci
645 2032 704 2113 pre
727 2009 932 2074 institutione
938 2010 1017 2161 iiim
1029 2013 1117 2078 vide·

161 2123 194 2165 re
211 2125 249 2166 ur
316 2123 431 2166 mera:
502 2119 551 2164 sa
580 2119 717 2182 pecunia
752 2118 871 2164 sevum
905 2117 938 2161 m
971 2120 985 2162 i
1023 2121 1119 2166 emere

153 2152 295 2272 possein,
329 2191 378 2253 Ta
399 2208 480 2266 earo,
502 2188 610 2271 inquit
630 2189 754 2271 iocans,
776 2188 868 2251 etiam
889 2185 945 2250 hoc
962 2189 1118 2270 amplius:

161 2275 309 2339 aenam
331 2277 451 2352 ancras,
473 2276 550 2339 daos
570 2275 698 2340 habebi.
734 2273 935 2359 Significavit
956 2275 1119 2360 videlicet,

159 2383 296 2446 quorum
328 2363 533 2427 collustratus
570 2362 788 2425 doctrinarum
823 2363 894 2426 luce
929 2382 998 2427 non
1032 2369 1120 2430 esset

160 2449 299 2533 animus,
322 2471 376 2514 eos
399 2449 556 2532 lapidum,
583 2469 651 2512 non
672 2448 854 2533 hominum,
882 2454 950 2534 aut,
979 2451 1007 2515 si
1031 2453 1119 2519 forte

158 2537 244 2601 inter
269 2536 430 2619 homines,
458 2557 635 2620 servorum,
661 2557 730 2600 non
751 2537 967 2622 ingenuorum
989 2539 1066 2606 loco
1081 2563 1119 2607 ac

158 2646 292 2689 numero
317 2645 384 2689 esse
407 2623 583 2687 habendos,

225 2712 275 2777 Ac
296 2713 376 2777 mihi
399 2711 527 2797 quidem
552 2712 614 2777 hae
639 2715 711 2779 tota
738 2713 777 2778 de
798 2736 834 2778 re
857 2715 1015 2799 cogitanti
1039 2739 1119 2802 qua·

158 2802 233 2865 tuor
257 2803 388 2867 omnino
412 2823 481 2867 esse
505 2802 574 2867 viae
596 2801 758 2887 videntur,
781 2824 916 2886 quarum
939 2824 1040 2867 unam
1061 2807 1119 2870 ali·

159 2908 256 2969 quam
280 2914 298 2955 a
325 2891 483 2976 principio
511 2891 626 2956 aetatis
649 2912 814 2974 capessere
838 2911 875 2954 ac
902 2893 1017 2974 postea
1044 2915 1120 2976 per-

159 2979 249 3058 sequi
271 3001 371 3063 prope
394 3001 523 3044 necesse
547 2980 601 3043 sit:
624 2999 663 3041 ex
686 2979 801 3061 quibus
825 3000 866 3042 ne
890 2978 1024 3042 dubium
1048 2983 1121 3064 qui·

159 3062 231 3126 dem
255 3087 324 3129 esse
346 3070 467 3151 potest,
490 3067 569 3149 quin
591 3087 641 3148 ea,
664 3087 761 3148 quam
782 3066 846 3150 ipsi
872 3066 1010 3151 ingressi
1030 3071 1122 3155 estis,

158 3150 256 3235 longe
278 3152 480 3237 multumque
503 3154 574 3217 aliis
598 3154 745 3218 omnibus
769 3154 995 3238 anteponenda
1008 3156 1121 3222 videa·

158 3241 220 3301 tur.
256 3237 343 3303 Nam
360 3241 415 3323 qui
436 3242 500 3305 ista
523 3243 628 3305 aetate
643 3245 733 3323 sunt,
754 3243 874 3325 partim
889 3243 955 3307 otio
970 3262 1003 3306 se
1018 3247 1121 3329 atque

157 3326 306 3412 ignaviae
331 3326 465 3411 dedunt,
491 3330 683 3411 mollemque
710 3329 811 3393 vitam
839 3351 876 3394 ao
898 3331 1122 3413 voluptariam

160 3420 350 3501 sequuntur,
382 3414 406 3478 ii
432 3417 621 3498 praesertim
649 3414 765 3497 quibus
793 3419 936 3501 amplum
961 3420 1121 3501 patrimo-

158 3505 248 3570 nium
270 3507 332 3596 est3
353 3503 472 3589 partim
495 3503 523 3568 si
545 3503 713 3584 angustior
739 3503 782 3568 sit
806 3526 872 3591 res,
894 3526 990 3590 quam
1012 3510 1052 3572 ut
1070 3511 1122 3575 ni·
