2332 3824
98 198 160 262 108
489 196 625 254 onemo
643 197 677 254 K

97 365 178 428 quos
201 364 315 409 caussa
338 365 397 408 sua
418 344 521 409 multa
542 364 712 428 perpessos
728 342 856 428 rident,
880 345 954 410 sine
972 367 1056 430 prae·

97 434 162 498 mio
186 433 273 497 abire
296 432 476 517 patiantur,
503 432 756 516 quantominus
783 432 819 496 id
846 432 888 497 de
912 432 985 500 Deo
1007 439 1057 499 aut

98 522 240 608 cogitare
255 524 312 585 aut
326 521 482 605 suspicari
498 519 692 606 possumus?
721 516 804 585 (lum
824 520 930 606 igitur
944 524 1056 588 multos

97 611 284 696 plerumque
312 607 478 673 rideamus
504 608 650 673 homines
678 607 820 692 optimos
849 613 884 673 et
906 611 1056 677 innocen·

98 699 252 781 tissimos,
280 698 439 780 quantum
462 697 589 781 quidem
611 696 753 760 hominis
775 699 898 762 natura
920 699 1001 784 fert,
1024 699 1055 764 in

98 787 159 852 hac
194 785 262 849 rita
295 806 464 868 nunquam
495 784 743 869 interquiescere
776 806 814 849 ac
846 787 1010 870 respirare
1039 809 1056 851 a

98 873 266 956 molestiis,
294 873 350 937 sed
377 875 533 958 perpetua
560 872 700 957 quadam
727 873 956 940 calamitatum
983 875 1056 941 serie

98 983 199 1045 usque
222 961 263 1025 ad
285 964 463 1026 extremum
485 961 634 1046 spiritum
656 961 773 1045 premi,
800 963 986 1047 cogitemus
1007 985 1055 1028 ne·
1098 962 1106 971 “

99 1072 186 1115 cesse
205 1054 256 1115 est
278 1053 347 1133 aut,
367 1050 453 1135 quod
470 1053 588 1114 natura
604 1049 677 1133 ipsa
695 1049 851 1114 abhorret
870 1071 910 1116 ac
932 1052 1055 1137 refugit,

2 1195 6 1203 .
99 1139 205 1204 Deum
226 1139 383 1203 iniustum
405 1159 488 1220 esse,
510 1141 567 1202 aut
588 1139 663 1222 post
684 1137 771 1202 hane
789 1138 894 1203 vitam
913 1161 975 1204 sua
994 1161 1055 1205 esse

100 1228 268 1293 hominum
286 1226 397 1310 generi
414 1226 558 1309 praemia
574 1247 633 1311 pro
653 1226 720 1290 suis
741 1226 857 1310 cuique
877 1228 1055 1294 actionibus

101 1314 254 1377 divinitus
282 1313 467 1377 constituta.
508 1313 546 1378 St
572 1333 639 1396 spes
664 1319 786 1392 nostra,
816 1315 864 1378 ait
890 1314 1056 1402 Paulus*)‚

100 1402 208 1466 iisdem
235 1401 345 1482 quidm
370 1399 443 1466 hoec
468 1402 534 1466 uita
559 1403 699 1468 terminis
725 1422 761 1468 ac
786 1403 907 1484 finibus
932 1407 1056 1471 circam·

100 1491 215 1571 stripitu
241 1493 402 1568 tramam,
428 1489 509 1555 uidit
535 1491 622 1556 nobis
647 1490 802 1570 infelicius
827 1491 919 1572 foret.
958 1491 1056 1576 Serta,

101 1582 138 1641 ut
156 1600 216 1643 nos
235 1600 375 1662 quoque,
394 1578 421 1643 si
441 1578 569 1663 quando
587 1579 653 1643 tale
672 1578 793 1663 aliquid
811 1579 909 1646 nobis
925 1582 1056 1664 eveniat,

101 1666 262 1749 patienter
292 1667 447 1746 ieramus,
483 1688 587 1749 neque
619 1667 875 1750 despondeamus
909 1671 1057 1753 animum,

103 1757 159 1818 aut
190 1754 302 1818 statim
332 1758 503 1840 propterea
525 1754 594 1818 Deo
626 1755 749 1819 invisos
781 1776 852 1820 esse
883 1778 947 1823 nos
980 1758 1057 1822 arbi·

102 1846 237 1927 tremur‚
265 1865 338 1908 cum
363 1844 403 1907 iis
431 1863 571 1927 quoque,
598 1843 653 1927 qui
674 1842 746 1908 Deo
774 1844 934 1910 carissimi
957 1849 992 1911 et
1013 1867 1058 1910 ac·

103 1932 279 2017 ceptissimi
301 1934 406 2012 erant,
429 1934 487 1996 aut
504 1931 615 1996 eadem
633 1934 690 1995 aut
712 1932 862 2016 graviora
884 1935 1058 2020 contigisse

103 2022 277 2087 videamus.
317 2019 473 2104 Septima,
500 2041 541 2084 ne
568 2021 653 2084 ullus
680 2020 944 2104 tergiversationi
972 2023 1059 2088 locus

104 2112 159 2193 sit,
187 2111 215 2175 si
243 2109 314 2194 quis
341 2131 401 2174 nos
429 2109 470 2173 ad
497 2109 626 2173 illorum
653 2108 889 2192 praestantium
918 2110 1060 2176 riromm

103 2199 319 2262 imitationem
353 2198 553 2280 cohortetur,
589 2197 680 2280 quasi
716 2217 772 2260 eos
803 2217 873 2261 non
909 2198 1060 2284 eiusdem,

104 2286 194 2348 cuius
222 2288 255 2348 et
280 2305 341 2348 nos
369 2306 492 2369 sumus,
523 2284 580 2348 sed
613 2284 779 2349 divinioris
810 2284 981 2352 cuiusdam
1007 2308 1061 2351 na·

103 2374 195 2434 turae
217 2371 317 2434 fuisse
341 2391 515 2436 causemur.
552 2370 687 2453 Octava,
709 2375 747 2436 ut
769 2372 921 2457 sciamus,
946 2375 1061 2460 quibus

104 2458 200 2522 rebus
230 2457 419 2521 felicitatem
450 2457 556 2520 metiri
588 2479 625 2520 ae
657 2458 809 2544 dirigere,
846 2481 993 2546 quosque
1025 2484 1062 2528 ex

106 2544 194 2610 omni
229 2544 398 2609 hominum
428 2565 563 2608 numero
595 2544 705 2609 felices
742 2569 779 2611 ac
815 2548 943 2634 beatos,
983 2573 1062 2635 quos

105 2635 218 2696 contra
239 2631 384 2695 infelices
407 2652 445 2696 ac
466 2632 600 2697 miseros
623 2633 738 2699 ducere
766 2635 949 2702 debeamus.
986 2639 1063 2704 Non

105 2720 192 2784 enim
223 2720 278 2805 qui
309 2720 412 2784 multa
442 2721 599 2807 possidet,
629 2723 743 2787 beatus
775 2725 837 2808 est,
869 2725 926 2789 sed
958 2729 1063 2793 multo

104 2809 159 2874 ille
182 2809 321 2896 beatior,
349 2810 494 2896 quinon
516 2814 645 2877 tantum
668 2812 796 2877 divitias
819 2833 887 2876 non
910 2816 1064 2901 concupi·

106 2899 179 2982 seit,
203 2901 259 2966 scd
281 2901 334 2986 iis,
357 2923 437 2986 quos
458 2901 570 2985 habet,
592 2902 677 2966 ultro
697 2921 730 2965 se
751 2900 882 2984 spoliat,
904 2905 943 2965 ut
961 2905 1065 2989 copiis

106 2989 172 3052 suis
196 2991 332 3055 aliorum
358 2990 502 3074 inopiam
530 2989 684 3052 sublevet.
718 2986 796 3053 Non
823 2987 878 3072 qui
904 2989 1065 3058 innocens

107 3077 244 3159 exsulat,
271 3077 454 3158 miserest,
483 3075 538 3138 sed
565 3077 657 3138 tanto
685 3076 823 3159 felicior,
850 3075 878 3139 si
900 3076 935 3141 id
959 3100 1065 3165 aequo

107 3160 214 3224 animo
242 3162 349 3225 ferens
377 3183 507 3246 operam
534 3160 602 3245 det,
632 3184 674 3227 ne
702 3165 743 3228 ab
773 3164 831 3228 illa
862 3169 998 3231 aeterna
1029 3189 1067 3232 ac

107 3245 238 3309 coelesti
270 3248 377 3330 patria
413 3249 557 3313 exsulare
594 3254 742 3336 cogatur3
778 3273 846 3316 non
882 3253 938 3336 qui
968 3255 1068 3321 firmo

107 3354 145 3399 ae
172 3333 294 3398 valenti
321 3357 455 3420 corpore
482 3338 544 3420 est,
569 3337 660 3424 felix,
687 3339 744 3404 sed
765 3340 834 3424 ille,
857 3340 913 3424 qui
935 3341 972 3406 in
996 3365 1068 3410 cor·

160 3529 185 3597 *)
204 3525 225 3581 l.
245 3526 281 3580 ad
299 3523 424 3582 Corinth.
443 3526 503 3582 XV.
525 3532 565 3581 19.
