2332 3824
141 193 204 258 116
523 192 659 250 ORATIO
677 193 737 249 XII.

206 465 506 528 EXPLIOATURU'S
528 464 669 526 LIBROS
691 464 967 528 ARISTOTELES
991 470 1049 530 DE

502 570 734 632 REPUBLIOA.

450 722 661 807 ORATIO
692 722 787 806 XII.

226 898 346 940 HABITA
359 899 466 942 Romen
480 900 585 941 PRIDIE
599 899 668 941 NON.
681 898 834 942 ROVEm
848 899 1024 944 unnxxvn.

204 1041 245 1106 In
266 1043 362 1107 rebus
389 1042 541 1107 humanis
569 1041 652 1106 nihil
674 1062 743 1106 esse
770 1044 880 1106 mente
906 1064 948 1108 ac
974 1046 1106 1112 ratione

138 1132 371 1216 praestantius,
406 1131 489 1194 nihil
521 1129 674 1215 divinius,
706 1151 832 1196 summo
865 1152 995 1215 semper
1030 1156 1104 1200 con·

137 1241 236 1284 sensu
255 1218 485 1303 sapientissimi
502 1218 650 1283 homines
668 1218 861 1283 iudicanmt.
895 1218 984 1295 Quin
1004 1224 1103 1287 etiam

137 1310 282 1370 veterum
308 1305 458 1369 nonnulli
486 1327 560 1370 cum
587 1328 770 1391 expressam
792 1307 828 1371 in
855 1327 895 1371 ea
917 1308 1102 1376 divinitatis

137 1396 790 1568 dlttlsslttlllclltffltl
806 1415 1101 1567 lassasti

138 1574 225 1634 ctum
253 1571 407 1655 quasique
430 1571 575 1636 effictum
596 1575 694 1656 esset,
721 1570 900 1637 discernere
922 1595 962 1638 ac
985 1574 1099 1640 diiudi-

138 1679 210 1722 care
233 1663 379 1742 possent,
401 1664 526 1724 mentes
544 1663 674 1725 nostras
697 1680 736 1724 ex
757 1659 867 1724 divina
888 1664 999 1727 mente
1024 1664 1098 1729 deli-

138 1747 230 1812 batas
254 1768 292 1811 ae
315 1747 481 1833 decerptas
499 1748 664 1832 ipsiusque
681 1769 790 1813 rerum
808 1748 954 1813 omnium
973 1752 1098 1834 opificis

137 1835 199 1901 Dei
221 1836 395 1921 particulas
419 1836 575 1920 quasdam
597 1857 667 1901 esse
694 1836 853 1901 dixerunt.
887 1835 936 1902 At
957 1838 1008 1903 illi
1031 1841 1097 1925 qui-

138 1925 211 1988 dem
233 1929 266 1989 et
289 1925 328 1988 de
349 1924 535 1989 hominibus
557 1925 653 1989 nimis
676 1925 759 1989 elate
781 1945 820 1989 ac
842 1925 980 2010 superbe
1003 1931 1038 1993 et
1060 1929 1098 1993 de

137 2012 207 2079 Deo
234 2034 349 2097 parum
376 2013 428 2097 pie
459 2012 672 2097 religioseque
695 2017 877 2078 senserunt:
905 2015 962 2098 qni
984 2019 1020 2080 et
1041 2017 1097 2082 ho-

137 2103 241 2167 mines
263 2102 333 2167 Deo
361 2123 537 2186 exaequare
565 2105 759 2167 conarentur
785 2103 818 2166 et
839 2123 909 2166 non
934 2102 1097 2191 intellige

137 2194 222 2272 rent,
244 2191 309 2254 ista
331 2190 496 2254 distractio
516 2192 549 2254 et
567 2189 751 2255 dilaceratio
772 2193 972 2275 quantopere
992 2194 1097 2259 aliena

137 2281 222 2340 esset
250 2299 270 2340 a
291 2279 409 2340 natura
436 2277 581 2342 omnium
607 2280 705 2364 longe
732 2278 970 2360 simplicissima
997 2283 1096 2347 maxi·

136 2383 250 2445 meque
272 2385 351 2445 una3
378 2385 482 2448 neque
504 2365 662 2449 viderent,
691 2369 848 2447 quantam
868 2366 903 2431 in
926 2389 961 2432 se
984 2369 1097 2455 impie·

136 2453 237 2514 tatem
260 2452 471 2535 susciperent,
499 2452 566 2534 qui,
594 2453 621 2516 si
644 2452 816 2518 stultitiam
838 2476 930 2518 suam
952 2459 1097 2540 pertina-

137 2538 216 2602 citer
237 2539 321 2602 tueri
343 2539 477 2621 vellent,
504 2559 633 2604 necesse
656 2539 815 2606 haberent
836 2543 945 2627 fateri,
968 2551 1097 2629 partem

136 2626 278 2710 aliquam
304 2625 366 2690 Dei
392 2625 556 2690 interdum
583 2630 616 2692 et
642 2629 795 2694 vitiorum
820 2632 956 2696 maculis
984 2641 1097 2702 conta·

136 2715 252 2779 minari
280 2718 313 2779 et
340 2714 425 2799 apud
455 2714 577 2782 inferos
609 2739 731 2802 poenas
762 2719 850 2783 luere
882 2719 922 2782 ab
954 2721 1099 2804 ipsomet

135 2802 205 2870 Deo
233 2805 434 2890 improbitati
461 2808 494 2870 et
515 2807 677 2890 nequitiae
705 2807 907 2872 constitutas.
944 2806 1038 2884 Quae
1060 2817 1099 2879 ut

136 2894 279 2978 cogitare
307 2916 449 2960 summae
477 2896 636 2960 amentiae
668 2898 764 2979 atque
795 2895 971 2979 impietatis
1000 2899 1098 2986 foret,

135 2981 182 3045 ita
209 2984 288 3046 illud
317 2984 384 3046 sine
407 2983 474 3045 ulla
497 2982 697 3047 dubitatione
723 2983 924 3048 verissimum
948 2989 1011 3071 est,
1041 2991 1098 3055 ad-

135 3068 315 3131 mirabilem
339 3069 501 3151 quandam
519 3089 587 3131 esse
609 3067 770 3135 humanae
786 3071 903 3135 mentis
924 3080 1098 3155 praestan-

135 3152 228 3234 tiam,
250 3175 354 3237 neque
372 3157 407 3219 in
429 3155 468 3217 iis
488 3155 649 3239 omnibus,
673 3178 754 3240 quae
772 3159 858 3223 infra
875 3159 988 3224 lunam
1008 3172 1099 3252 sunt,

59 3269 70 3284 ·
135 3243 242 3303 mente
266 3261 303 3303 ac
325 3242 450 3306 ratione
474 3242 619 3324 superius
643 3245 817 3328 quidquam
834 3268 930 3330 posse
948 3255 1098 3334 reperiri.

135 3327 186 3394 Ea
208 3347 310 3412 genus
332 3327 510 3392 humanum
534 3333 639 3395 cetera
662 3332 813 3399 animalia
837 3339 969 3419 superat
991 3360 1098 3426 eaque

135 3416 199 3482 illis
218 3413 366 3480 omnibus
389 3418 528 3501 praeest,
552 3420 696 3501 quamvis
715 3421 786 3485 aliis
803 3422 900 3487 rebus
919 3423 960 3487 ab
979 3447 1098 3498 eorum

136 3505 295 3591 plerisque
318 3507 494 3588 superetur.
524 3504 637 3571 Vincit
657 3507 822 3574 hominem
843 3510 1007 3578 celeritate
1027 3539 1097 3586 cer·
