2332 3824
162 118 204 182 14
546 114 681 171 ORATIO
700 115 734 170 n

161 283 264 346 crum,
285 265 323 328 ut
342 256 551 346 Euripides*)
569 257 733 344 prodidit?
756 259 843 342 quod
865 264 1134 336 emolumentum

161 372 200 416 ex
221 351 359 417 istorum
383 348 527 414 omnium
550 348 698 428 scientia,
722 346 807 430 quod
826 346 1074 423 detrimentum
1097 381 1132 424 ex

159 439 365 524 ignoratione
383 436 504 520 percipi
521 435 651 520 potest?
686 433 773 500 Nam
791 439 975 502 ceterarum
997 446 1131 527 quidem

161 529 279 592 artium
300 523 498 608 professores
522 527 678 608 quantum
700 523 850 587 utilitatis
874 523 1037 616 afferant,
1059 555 1129 618 per·

159 615 254 679 facile
283 615 332 676 est
358 611 399 675 ad
422 611 676 697 intelligendum.
722 608 794 677 Sive
822 611 908 675 enim
932 613 1128 687 dialecticos

161 702 298 786 spectes:
322 699 363 764 ab
381 699 421 764 iis
440 702 529 763 certa
547 700 704 783 quaedam
722 699 789 763 veri
810 698 950 782 falsique
968 702 1008 767 in
1029 709 1127 773 rebus

162 787 310 855 omnibus
329 787 545 873 cognoscendi
562 787 645 852 ratio
665 787 816 870 traditur,
838 787 862 850 ii
885 807 932 870 se,
957 793 1042 872 quid
1063 797 1126 861 cui-

161 897 223 960 que
237 880 489 942 consentaneum
508 876 564 960 sit,
582 875 659 960 quid
676 896 875 959 repugnans,
894 875 972 958 quid
988 899 1032 944 ex
1047 904 1126 967 quo-

161 985 222 1049 que
236 963 408 1047 efficiatur,
426 986 507 1050 quae
522 965 565 1028 sit
582 963 757 1046 dividendi,
776 983 857 1047 quae
873 962 1024 1051 finiendi,
1040 991 1125 1054 quae

161 1054 408 1140 argumentandi
430 1053 528 1134 ratio,
557 1053 590 1114 et
611 1053 720 1114 tenere
744 1054 777 1115 et
799 1051 880 1115 alios
903 1050 1020 1118 dooere
1044 1080 1123 1141 prae

161 1164 194 1206 se
208 1143 326 1206 ferunt.
353 1139 436 1215 Quid
449 1137 597 1222 physici?
612 1137 667 1221 qui
680 1159 788 1202 rerum
800 1139 959 1223 principia
974 1161 1123 1210 caussas·

162 1250 223 1312 que
245 1229 401 1309 tractant,
420 1226 488 1310 qui,
508 1225 667 1310 quomodo
687 1226 825 1310 quidque
849 1227 1018 1314 gignatur,
1041 1253 1122 1316 quo-

161 1336 223 1401 que
245 1315 342 1380 modo
364 1315 516 1398 intereat,
539 1314 730 1398 edisserunt,
753 1315 808 1398 qui
830 1315 1030 1402 nimborum,
1057 1320 1120 1384 ful-

160 1405 285 1469 minum
306 1405 598 1487 tempestatumque
617 1422 759 1486 csussas,
783 1403 838 1485 qui
856 1423 1030 1486 corporum
1049 1428 1120 1472 coe

160 1492 290 1556 lestium
299 1491 1119 1581 magnitudines,intervalla,cursus,progressiones,
1149 1512 1152 1517 ’

161 1579 353 1663 institiones,
364 1581 419 1663 qui
433 1579 532 1643 animi
544 1581 704 1661 naturam,
714 1578 768 1662 qui
781 1578 941 1643 rationem
955 1601 1120 1666 sensuum,

162 1666 218 1750 qui
240 1666 454 1731 animantium
476 1667 621 1730 omnium
642 1669 745 1749 ortus,
765 1666 881 1750 victus,
902 1666 1038 1752 figuras,
1064 1671 1119 1754 qui

162 1755 324 1841 stirpium,
344 1754 399 1838 qui
418 1754 562 1818 omnium
579 1753 679 1817 ferme
697 1775 817 1838 rerum,
835 1776 917 1837 quae
936 1755 1119 1840 gignuntur

162 1849 297 1928 eterra,
320 1846 454 1909 naturas
473 1841 521 1905 ita
542 1845 791 1927 persequuntur,
813 1843 903 1906 nulla
919 1845 959 1905 ut
979 1866 1057 1927 pars
1077 1847 1118 1911 ab

162 1934 208 1998 eis
226 1935 329 2018 coelo,
347 1932 442 2016 mari,
459 1932 559 2016 terra,
578 1932 616 1994 ut
632 1934 747 2014 politae
765 1932 952 2014 loquuntur,
974 1937 1118 2014 praeter-

161 2022 260 2086 missa
284 2023 338 2086 sit:
366 2022 446 2087 haec
469 2041 543 2086 cum
564 2022 719 2103 tractant,
746 2018 989 2084 mediocriterne
1010 2021 1119 2105 reipu-

161 2108 264 2171 blicae
286 2109 446 2191 prosunt?
490 2107 578 2174 Nam
600 2109 627 2172 si
650 2107 691 2171 ad
714 2128 769 2172 eos
795 2110 827 2170 te
851 2108 1033 2188 convertas,
1062 2110 1118 2192 qui

163 2213 234 2256 eam
253 2197 462 2277 susceperunt
478 2195 701 2279 philosophiae
720 2197 858 2278 partem,
875 2195 911 2258 in
930 2216 993 2279 qua
1011 2194 1051 2259 de
1069 2218 1118 2261 re·

162 2279 223 2343 bus
242 2281 428 2363 expetendis
450 2281 675 2365 fugiendisque
694 2281 871 2344 disseritur:
894 2282 918 2345 ii
936 2303 1012 2347 vero
1031 2288 1119 2369 sunt,

164 2388 300 2450 quorum
321 2368 497 2432 industriae
520 2369 611 2432 nulla
633 2389 776 2450 unquam
798 2371 952 2450 poterunt
973 2373 1119 2454 praemia

164 2456 242 2520 satis
257 2456 364 2538 ampla
377 2455 518 2539 reperiri.
536 2454 658 2531 Quibus
673 2455 759 2519 enim
772 2476 929 2540 quamque
943 2460 1118 2542 praeclaris

162 2544 198 2606 in
217 2541 313 2606 rebus
332 2563 442 2606 eorum
460 2542 695 2626 disputationes
713 2545 858 2608 consumi
876 2545 1043 2610 videmus?
1062 2549 1119 2630 qui

163 2631 225 2696 hoc
247 2631 386 2714 primum
409 2629 539 2713 docent,
566 2632 621 2714 qui
649 2631 692 2694 sit
717 2631 805 2715 finis,
832 2635 908 2716 quid
931 2637 1119 2719 extremum,

164 2719 240 2801 quid
258 2717 407 2781 ultimum
424 2716 584 2781 bonorum
602 2719 758 2803 omnium,
777 2721 862 2804 quod
875 2742 976 2786 unum
989 2721 1118 2807 intueri,

165 2827 228 2889 quo
243 2826 354 2870 omnes
368 2804 524 2887 actiones,
544 2827 655 2871 omnes
674 2808 900 2892 cogitationes,
919 2808 1118 2873 0111111οο011-

165 2895 237 2958 silia
263 2893 375 2957 referri
402 2894 563 2976 oporteat,
589 2897 670 2976 quot
696 2895 762 2958 sint
788 2896 944 2960 virtutum
976 2899 1118 2978 quotque

164 2983 317 3046 vitiorum
337 3001 468 3066 genera,
491 2979 669 3063 quibusque
692 2983 795 3046 modis
817 2983 890 3045 illas
913 2983 1053 3064 assequi,
1077 2984 1118 3048 ab

164 3069 216 3134 his
231 3070 390 3134 declinare
404 3067 563 3152 possimus
568 3117 576 3151 ,
595 3069 768 3150 quomodo
784 3069 957 3133 exsultanti
970 3069 1119 3134 iactanti-

166 3179 227 3241 que
247 3180 280 3223 se
300 3160 333 3222 et
353 3154 544 3221 detrectanti
566 3155 701 3220 rationis
723 3156 892 3240 imperium
915 3154 1025 3218 frenos
1047 3156 1119 3220 inii-

167 3265 237 3310 cere
260 3249 410 3331 oporteat
432 3243 614 3329 cupiditati,
636 3246 706 3308 tum
727 3265 790 3326 quo
813 3242 908 3308 modo
928 3240 1061 3324 quisque
1086 3265 1120 3308 se

221 3437 247 3502 ⁴¹)
265 3435 361 3508 Eurip.
379 3436 482 3518 Electr.
502 3441 578 3494 1282.
593 3454 634 3508 sq.
