<?xml version="1.0" encoding="UTF-8"?>
<!DOCTYPE html PUBLIC "-//W3C//DTD XHTML 1.0 Transitional//EN"
    "http://www.w3.org/TR/xhtml1/DTD/xhtml1-transitional.dtd">
<html xmlns="http://www.w3.org/1999/xhtml" xml:lang="en" lang="en">
 <head>
  <title>
</title>
<meta http-equiv="Content-Type" content="text/html;charset=utf-8" />
  <meta name='ocr-system' content='tesseract 3.04.00' />
  <meta name='ocr-capabilities' content='ocr_page ocr_carea ocr_par ocr_line ocrx_word'/>
</head>
<body>
  <div class='ocr_page' id='page_1' title='image "./scriptaselecta00muregoog_0149.png"; bbox 0 0 2332 3824; ppageno 0'>
   <div class='ocr_carea' id='block_1_1' title="bbox 111 190 697 277">
    <p class='ocr_par' dir='ltr' id='par_1_1' title="bbox 111 190 697 277">
     <span class='ocr_line' id='line_1_1' title="bbox 111 190 697 277; baseline -0.002 -11"><span class='ocrx_word' id='word_1_1' title='bbox 111 190 174 277; x_wconf 66' lang='lat'>13&#39;4</span> <span class='ocrx_word' id='word_1_2' title='bbox 468 208 697 266; x_wconf 80' lang='lat' dir='ltr'>omncxru</span> 
     </span>
    </p>
   </div>
   <div class='ocr_carea' id='block_1_2' title="bbox 108 345 1092 3252">
    <p class='ocr_par' dir='ltr' id='par_1_2' title="bbox 108 345 1092 1316">
     <span class='ocr_line' id='line_1_2' title="bbox 108 345 1077 436; baseline -0.013 -13"><span class='ocrx_word' id='word_1_3' title='bbox 108 358 332 436; x_wconf 72' lang='lat' dir='ltr'>narrationem,</span> <span class='ocrx_word' id='word_1_4' title='bbox 357 356 392 421; x_wconf 90' lang='lat' dir='ltr'>id</span> <span class='ocrx_word' id='word_1_5' title='bbox 417 358 467 419; x_wconf 90' lang='lat' dir='ltr'>est</span> <span class='ocrx_word' id='word_1_6' title='bbox 499 345 687 431; x_wconf 71' lang='grc' dir='ltr'><strong><em>διεξοδικὴν</em></strong></span> <span class='ocrx_word' id='word_1_7' title='bbox 708 346 767 412; x_wconf 76' lang='grc' dir='ltr'>καὶ</span> <span class='ocrx_word' id='word_1_8' title='bbox 786 350 929 431; x_wconf 76' lang='grc' dir='ltr'><strong><em>συνεχῆ.</em></strong></span> <span class='ocrx_word' id='word_1_9' title='bbox 974 353 1077 418; x_wconf 82' lang='lat' dir='ltr'>Diffu-</span> 
     </span>
     <span class='ocr_line' id='line_1_3' title="bbox 110 442 1075 530; baseline -0.005 -19"><span class='ocrx_word' id='word_1_10' title='bbox 110 469 180 511; x_wconf 92' lang='lat' dir='ltr'>sam</span> <span class='ocrx_word' id='word_1_11' title='bbox 212 444 352 530; x_wconf 91' lang='lat' dir='ltr'>quidem,</span> <span class='ocrx_word' id='word_1_12' title='bbox 387 442 539 528; x_wconf 90' lang='lat' dir='ltr'>quoniam</span> <span class='ocrx_word' id='word_1_13' title='bbox 570 443 625 527; x_wconf 91' lang='lat' dir='ltr'>qui</span> <span class='ocrx_word' id='word_1_14' title='bbox 657 463 783 507; x_wconf 87' lang='lat' dir='ltr'>summa</span> <span class='ocrx_word' id='word_1_15' title='bbox 818 442 935 526; x_wconf 84' lang='lat' dir='ltr'>capita</span> <span class='ocrx_word' id='word_1_16' title='bbox 968 462 1075 506; x_wconf 89' lang='lat' dir='ltr'>rerum</span> 
     </span>
     <span class='ocr_line' id='line_1_4' title="bbox 110 530 1075 618; baseline -0.006 -20"><span class='ocrx_word' id='word_1_17' title='bbox 110 534 269 618; x_wconf 81' lang='lat' dir='ltr'>colligunt</span> <span class='ocrx_word' id='word_1_18' title='bbox 291 553 390 614; x_wconf 89' lang='lat' dir='ltr'>eaque</span> <span class='ocrx_word' id='word_1_19' title='bbox 412 530 497 595; x_wconf 90' lang='lat' dir='ltr'>nude</span> <span class='ocrx_word' id='word_1_20' title='bbox 520 552 557 595; x_wconf 88' lang='lat' dir='ltr'>ac</span> <span class='ocrx_word' id='word_1_21' title='bbox 584 530 771 614; x_wconf 86' lang='lat' dir='ltr'>simpliciter</span> <span class='ocrx_word' id='word_1_22' title='bbox 797 533 1014 614; x_wconf 88' lang='lat' dir='ltr'>proponunt,</span> <span class='ocrx_word' id='word_1_23' title='bbox 1040 534 1075 593; x_wconf 88' lang='lat' dir='ltr'>ut</span> 
     </span>
     <span class='ocr_line' id='line_1_5' title="bbox 114 616 1072 703; baseline -0.004 -18"><span class='ocrx_word' id='word_1_24' title='bbox 114 620 239 702; x_wconf 76' lang='lat' dir='ltr'>Florus,</span> <span class='ocrx_word' id='word_1_25' title='bbox 260 618 451 703; x_wconf 77' lang='lat' dir='ltr'><strong>Eutropius,</strong></span> <span class='ocrx_word' id='word_1_26' title='bbox 474 617 620 702; x_wconf 75' lang='lat' dir='ltr'>Orosius,</span> <span class='ocrx_word' id='word_1_27' title='bbox 642 616 817 702; x_wconf 81' lang='lat' dir='ltr'>Sulpicius,</span> <span class='ocrx_word' id='word_1_28' title='bbox 841 637 913 682; x_wconf 92' lang='lat' dir='ltr'>non</span> <span class='ocrx_word' id='word_1_29' title='bbox 936 620 1013 682; x_wconf 87' lang='lat' dir='ltr'>tam</span> <span class='ocrx_word' id='word_1_30' title='bbox 1028 617 1072 681; x_wconf 87' lang='lat' dir='ltr'>hi·</span> 
     </span>
     <span class='ocr_line' id='line_1_6' title="bbox 112 706 1070 789; baseline -0.006 -15"><span class='ocrx_word' id='word_1_31' title='bbox 112 708 227 773; x_wconf 89' lang='lat' dir='ltr'>storias</span> <span class='ocrx_word' id='word_1_32' title='bbox 251 706 387 770; x_wconf 89' lang='lat' dir='ltr'>scribere</span> <span class='ocrx_word' id='word_1_33' title='bbox 410 706 536 771; x_wconf 86' lang='lat' dir='ltr'>dicendi</span> <span class='ocrx_word' id='word_1_34' title='bbox 558 709 647 788; x_wconf 91' lang='lat' dir='ltr'>sunt,</span> <span class='ocrx_word' id='word_1_35' title='bbox 669 726 766 789; x_wconf 85' lang='lat' dir='ltr'>quam</span> <span class='ocrx_word' id='word_1_36' title='bbox 781 706 966 769; x_wconf 84' lang='lat' dir='ltr'>summaria</span> <span class='ocrx_word' id='word_1_37' title='bbox 981 727 1070 789; x_wconf 79' lang='lat' dir='ltr'>quae</span> 
     </span>
     <span class='ocr_line' id='line_1_7' title="bbox 111 792 1070 878; baseline -0.002 -20"><span class='ocrx_word' id='word_1_38' title='bbox 111 796 269 876; x_wconf 85' lang='lat' dir='ltr'>damant,</span> <span class='ocrx_word' id='word_1_39' title='bbox 286 795 324 857; x_wconf 89' lang='lat' dir='ltr'>ut</span> <span class='ocrx_word' id='word_1_40' title='bbox 336 793 527 859; x_wconf 81' lang='lat' dir='ltr'>vetustiores</span> <span class='ocrx_word' id='word_1_41' title='bbox 539 792 769 878; x_wconf 76' lang='lat' dir='ltr'>loquebantur,</span> <span class='ocrx_word' id='word_1_42' title='bbox 786 792 955 856; x_wconf 85' lang='lat' dir='ltr'>breviaria</span> <span class='ocrx_word' id='word_1_43' title='bbox 974 792 1070 857; x_wconf 87' lang='lat' dir='ltr'>histo·</span> 
     </span>
     <span class='ocr_line' id='line_1_8' title="bbox 111 879 1069 966; baseline 0 -21"><span class='ocrx_word' id='word_1_44' title='bbox 111 882 245 963; x_wconf 68' lang='lat' dir='ltr'>riarum,</span> <span class='ocrx_word' id='word_1_45' title='bbox 268 881 489 946; x_wconf 84' lang='lat' dir='ltr'>continuatam</span> <span class='ocrx_word' id='word_1_46' title='bbox 507 885 627 966; x_wconf 85' lang='lat' dir='ltr'>autom,</span> <span class='ocrx_word' id='word_1_47' title='bbox 648 882 686 945; x_wconf 92' lang='lat' dir='ltr'>ut</span> <span class='ocrx_word' id='word_1_48' title='bbox 702 879 872 946; x_wconf 87' lang='lat' dir='ltr'>Valerium</span> <span class='ocrx_word' id='word_1_49' title='bbox 891 880 1069 945; x_wconf 84' lang='lat' dir='ltr'>Maximum</span> 
     </span>
     <span class='ocr_line' id='line_1_9' title="bbox 112 966 1069 1054; baseline 0 -21"><span class='ocrx_word' id='word_1_50' title='bbox 112 972 146 1033; x_wconf 88' lang='lat' dir='ltr'>et</span> <span class='ocrx_word' id='word_1_51' title='bbox 177 969 256 1033; x_wconf 87' lang='lat' dir='ltr'>alios</span> <span class='ocrx_word' id='word_1_52' title='bbox 293 969 360 1034; x_wconf 92' lang='lat' dir='ltr'>eius</span> <span class='ocrx_word' id='word_1_53' title='bbox 392 970 571 1054; x_wconf 86' lang='lat' dir='ltr'>exemplum</span> <span class='ocrx_word' id='word_1_54' title='bbox 602 970 730 1033; x_wconf 90' lang='lat' dir='ltr'>secutos</span> <span class='ocrx_word' id='word_1_55' title='bbox 761 967 803 1032; x_wconf 85' lang='lat' dir='ltr'>ab</span> <span class='ocrx_word' id='word_1_56' title='bbox 837 966 1069 1034; x_wconf 87' lang='lat' dir='ltr'>historicorum</span> 
     </span>
     <span class='ocr_line' id='line_1_10' title="bbox 113 1055 1068 1141; baseline -0.001 -19"><span class='ocrx_word' id='word_1_57' title='bbox 113 1078 247 1122; x_wconf 92' lang='lat' dir='ltr'>numero</span> <span class='ocrx_word' id='word_1_58' title='bbox 275 1056 481 1122; x_wconf 85' lang='lat' dir='ltr'>excluderem.</span> <span class='ocrx_word' id='word_1_59' title='bbox 521 1057 634 1141; x_wconf 83' lang='lat' dir='ltr'>Longe</span> <span class='ocrx_word' id='word_1_60' title='bbox 660 1056 747 1119; x_wconf 90' lang='lat' dir='ltr'>enim</span> <span class='ocrx_word' id='word_1_61' title='bbox 773 1055 863 1119; x_wconf 90' lang='lat' dir='ltr'>aliud</span> <span class='ocrx_word' id='word_1_62' title='bbox 892 1059 945 1120; x_wconf 85' lang='lat' dir='ltr'>est</span> <span class='ocrx_word' id='word_1_63' title='bbox 973 1057 1068 1121; x_wconf 86' lang='lat' dir='ltr'>histo·</span> 
     </span>
     <span class='ocr_line' id='line_1_11' title="bbox 113 1142 1067 1230; baseline -0.004 -20"><span class='ocrx_word' id='word_1_64' title='bbox 113 1146 196 1210; x_wconf 87' lang='lat' dir='ltr'>riam</span> <span class='ocrx_word' id='word_1_65' title='bbox 215 1146 365 1229; x_wconf 87' lang='lat' dir='ltr'>scribere,</span> <span class='ocrx_word' id='word_1_66' title='bbox 383 1144 469 1209; x_wconf 88' lang='lat' dir='ltr'>aliud</span> <span class='ocrx_word' id='word_1_67' title='bbox 488 1145 632 1230; x_wconf 84' lang='lat' dir='ltr'>exempla</span> <span class='ocrx_word' id='word_1_68' title='bbox 645 1143 762 1208; x_wconf 79' lang='lat' dir='ltr'>similia</span> <span class='ocrx_word' id='word_1_69' title='bbox 776 1164 815 1207; x_wconf 89' lang='lat' dir='ltr'>ex</span> <span class='ocrx_word' id='word_1_70' title='bbox 836 1142 990 1209; x_wconf 86' lang='lat' dir='ltr'>historiis</span> <span class='ocrx_word' id='word_1_71' title='bbox 1009 1144 1067 1208; x_wconf 90' lang='lat' dir='ltr'>col-</span> 
     </span>
     <span class='ocr_line' id='line_1_12' title="bbox 113 1231 1092 1316; baseline -0.002 -18"><span class='ocrx_word' id='word_1_72' title='bbox 113 1234 198 1298; x_wconf 88' lang='lat' dir='ltr'>lecta</span> <span class='ocrx_word' id='word_1_73' title='bbox 220 1233 279 1296; x_wconf 90' lang='lat' dir='ltr'>sub</span> <span class='ocrx_word' id='word_1_74' title='bbox 301 1253 381 1315; x_wconf 92' lang='lat' dir='ltr'>uno,</span> <span class='ocrx_word' id='word_1_75' title='bbox 403 1231 488 1315; x_wconf 90' lang='lat' dir='ltr'>quod</span> <span class='ocrx_word' id='word_1_76' title='bbox 510 1232 559 1297; x_wconf 88' lang='lat' dir='ltr'>illi</span> <span class='ocrx_word' id='word_1_77' title='bbox 578 1231 737 1315; x_wconf 89' lang='lat' dir='ltr'>fecerunt,</span> <span class='ocrx_word' id='word_1_78' title='bbox 760 1231 919 1315; x_wconf 86' lang='lat' dir='ltr'>adspectu</span> <span class='ocrx_word' id='word_1_79' title='bbox 941 1253 1092 1316; x_wconf 86' lang='lat' dir='ltr'>ponere·</span> 
     </span>
    </p>

    <p class='ocr_par' dir='ltr' id='par_1_3' title="bbox 114 1317 1067 2175">
     <span class='ocr_line' id='line_1_13' title="bbox 179 1317 1067 1404; baseline 0.002 -22"><span class='ocrx_word' id='word_1_80' title='bbox 179 1317 336 1382; x_wconf 86' lang='lat' dir='ltr'>Probasse</span> <span class='ocrx_word' id='word_1_81' title='bbox 363 1339 414 1381; x_wconf 84' lang='lat' dir='ltr'>ms</span> <span class='ocrx_word' id='word_1_82' title='bbox 440 1319 533 1385; x_wconf 86' lang='lat' dir='ltr'>vobis</span> <span class='ocrx_word' id='word_1_83' title='bbox 561 1320 699 1385; x_wconf 88' lang='lat' dir='ltr'>arbitror</span> <span class='ocrx_word' id='word_1_84' title='bbox 721 1318 807 1403; x_wconf 90' lang='lat' dir='ltr'>quod</span> <span class='ocrx_word' id='word_1_85' title='bbox 829 1319 994 1404; x_wconf 86' lang='lat' dir='ltr'>principio</span> <span class='ocrx_word' id='word_1_86' title='bbox 1016 1341 1067 1404; x_wconf 91' lang='lat' dir='ltr'>po·</span> 
     </span>
     <span class='ocr_line' id='line_1_14' title="bbox 115 1405 1067 1493; baseline -0.001 -21"><span class='ocrx_word' id='word_1_87' title='bbox 115 1428 254 1491; x_wconf 89' lang='lat' dir='ltr'>sueram,</span> <span class='ocrx_word' id='word_1_88' title='bbox 289 1405 375 1470; x_wconf 86' lang='lat' dir='ltr'>histo</span> <span class='ocrx_word' id='word_1_89' title='bbox 384 1405 455 1470; x_wconf 85' lang='lat' dir='ltr'>iam</span> <span class='ocrx_word' id='word_1_90' title='bbox 493 1428 562 1472; x_wconf 86' lang='lat' dir='ltr'>esse</span> <span class='ocrx_word' id='word_1_91' title='bbox 597 1428 703 1472; x_wconf 89' lang='lat' dir='ltr'>rerum</span> <span class='ocrx_word' id='word_1_92' title='bbox 737 1407 867 1491; x_wconf 85' lang='lat' dir='ltr'>publice</span> <span class='ocrx_word' id='word_1_93' title='bbox 906 1411 1067 1493; x_wconf 76' lang='lat' dir='ltr'>gesturum</span> 
     </span>
     <span class='ocr_line' id='line_1_15' title="bbox 116 1492 1066 1579; baseline -0.003 -18"><span class='ocrx_word' id='word_1_94' title='bbox 116 1495 264 1561; x_wconf 89' lang='lat' dir='ltr'>diffusam</span> <span class='ocrx_word' id='word_1_95' title='bbox 291 1497 324 1559; x_wconf 92' lang='lat' dir='ltr'>et</span> <span class='ocrx_word' id='word_1_96' title='bbox 350 1494 570 1560; x_wconf 77' lang='lat' dir='ltr'>continuatam</span> <span class='ocrx_word' id='word_1_97' title='bbox 600 1496 828 1561; x_wconf 71' lang='lat' dir='ltr'>narrationem.</span> <span class='ocrx_word' id='word_1_98' title='bbox 868 1492 1000 1579; x_wconf 80' lang='lat' dir='ltr'>Cetera,</span> <span class='ocrx_word' id='word_1_99' title='bbox 1031 1495 1066 1558; x_wconf 89' lang='lat' dir='ltr'>de</span> 
     </span>
     <span class='ocr_line' id='line_1_16' title="bbox 116 1582 1066 1667; baseline 0 -21"><span class='ocrx_word' id='word_1_100' title='bbox 116 1582 232 1666; x_wconf 89' lang='lat' dir='ltr'>quibus</span> <span class='ocrx_word' id='word_1_101' title='bbox 255 1582 358 1647; x_wconf 89' lang='lat' dir='ltr'>dicere</span> <span class='ocrx_word' id='word_1_102' title='bbox 379 1582 594 1667; x_wconf 88' lang='lat' dir='ltr'>institueram,</span> <span class='ocrx_word' id='word_1_103' title='bbox 617 1618 659 1630; x_wconf 92' lang='grc'>--</span> <span class='ocrx_word' id='word_1_104' title='bbox 682 1586 760 1647; x_wconf 88' lang='lat' dir='ltr'>sunt</span> <span class='ocrx_word' id='word_1_105' title='bbox 781 1586 892 1648; x_wconf 87' lang='lat' dir='ltr'>autem</span> <span class='ocrx_word' id='word_1_106' title='bbox 915 1584 1009 1648; x_wconf 85' lang='lat' dir='ltr'>haec:</span> <span class='ocrx_word' id='word_1_107' title='bbox 1030 1583 1066 1646; x_wconf 90' lang='lat' dir='ltr'>de</span> 
     </span>
     <span class='ocr_line' id='line_1_17' title="bbox 114 1669 1066 1757; baseline 0.001 -24"><span class='ocrx_word' id='word_1_108' title='bbox 114 1669 240 1754; x_wconf 81' lang='lat' dir='ltr'>legibus</span> <span class='ocrx_word' id='word_1_109' title='bbox 262 1670 297 1733; x_wconf 89' lang='lat' dir='ltr'>in</span> <span class='ocrx_word' id='word_1_110' title='bbox 318 1669 454 1734; x_wconf 87' lang='lat' dir='ltr'>historia</span> <span class='ocrx_word' id='word_1_111' title='bbox 476 1670 652 1754; x_wconf 81' lang='lat' dir='ltr'>servandis,</span> <span class='ocrx_word' id='word_1_112' title='bbox 679 1670 718 1735; x_wconf 90' lang='lat' dir='ltr'>de</span> <span class='ocrx_word' id='word_1_113' title='bbox 740 1670 973 1757; x_wconf 75' lang='lat' dir='ltr'>pulcritudine,</span> <span class='ocrx_word' id='word_1_114' title='bbox 1000 1691 1066 1737; x_wconf 89' lang='lat' dir='ltr'>sua·</span> 
     </span>
     <span class='ocr_line' id='line_1_18' title="bbox 115 1757 1064 1844; baseline 0.001 -23"><span class='ocrx_word' id='word_1_115' title='bbox 115 1757 228 1842; x_wconf 85' lang='lat' dir='ltr'>vitate,</span> <span class='ocrx_word' id='word_1_116' title='bbox 254 1758 393 1822; x_wconf 88' lang='lat' dir='ltr'>utilitate</span> <span class='ocrx_word' id='word_1_117' title='bbox 419 1758 585 1840; x_wconf 89' lang='lat' dir='ltr'>historiae,</span> <span class='ocrx_word' id='word_1_118' title='bbox 610 1761 681 1822; x_wconf 89' lang='lat' dir='ltr'>tum</span> <span class='ocrx_word' id='word_1_119' title='bbox 707 1757 784 1841; x_wconf 91' lang='lat' dir='ltr'>quid</span> <span class='ocrx_word' id='word_1_120' title='bbox 810 1760 986 1844; x_wconf 85' lang='lat' dir='ltr'>praecipue</span> <span class='ocrx_word' id='word_1_121' title='bbox 1014 1759 1064 1825; x_wconf 69' lang='lat' dir='ltr'>ola</span> 
     </span>
     <span class='ocr_line' id='line_1_19' title="bbox 117 1844 1066 1932; baseline 0.001 -21"><span class='ocrx_word' id='word_1_122' title='bbox 117 1868 243 1911; x_wconf 86' lang='lat' dir='ltr'>servare</span> <span class='ocrx_word' id='word_1_123' title='bbox 266 1845 416 1929; x_wconf 88' lang='lat' dir='ltr'>debeant,</span> <span class='ocrx_word' id='word_1_124' title='bbox 439 1845 494 1929; x_wconf 91' lang='lat' dir='ltr'>qui</span> <span class='ocrx_word' id='word_1_125' title='bbox 514 1844 666 1910; x_wconf 88' lang='lat' dir='ltr'>historias</span> <span class='ocrx_word' id='word_1_126' title='bbox 686 1844 815 1930; x_wconf 82' lang='lat' dir='ltr'>legunt,</span> <span class='ocrx_word' id='word_1_127' title='bbox 838 1882 881 1893; x_wconf 92' lang='lat'>—</span> <span class='ocrx_word' id='word_1_128' title='bbox 905 1869 946 1912; x_wconf 88' lang='lat' dir='ltr'>ea</span> <span class='ocrx_word' id='word_1_129' title='bbox 970 1846 1066 1932; x_wconf 81' lang='lat' dir='ltr'>igitur</span> 
     </span>
     <span class='ocr_line' id='line_1_20' title="bbox 117 1931 1066 2020; baseline 0 -22"><span class='ocrx_word' id='word_1_130' title='bbox 117 1937 151 1998; x_wconf 92' lang='lat' dir='ltr'>et</span> <span class='ocrx_word' id='word_1_131' title='bbox 173 1934 211 1998; x_wconf 90' lang='lat' dir='ltr'>de</span> <span class='ocrx_word' id='word_1_132' title='bbox 233 1935 305 2018; x_wconf 84' lang='lat' dir='ltr'>ipso</span> <span class='ocrx_word' id='word_1_133' title='bbox 328 1931 480 1998; x_wconf 78' lang='lat' dir='ltr'>Sallustio</span> <span class='ocrx_word' id='word_1_134' title='bbox 503 1933 660 2016; x_wconf 85' lang='lat' dir='ltr'>quaedam</span> <span class='ocrx_word' id='word_1_135' title='bbox 681 1933 815 2018; x_wconf 84' lang='lat' dir='ltr'>cognitu</span> <span class='ocrx_word' id='word_1_136' title='bbox 837 1933 953 2020; x_wconf 82' lang='lat' dir='ltr'>digna,</span> <span class='ocrx_word' id='word_1_137' title='bbox 973 1956 1014 1999; x_wconf 93' lang='lat' dir='ltr'>ne</span> <span class='ocrx_word' id='word_1_138' title='bbox 1036 1937 1066 1998; x_wconf 89' lang='lat' dir='ltr'>et</span> 
     </span>
     <span class='ocr_line' id='line_1_21' title="bbox 117 2019 1065 2107; baseline 0.002 -21"><span class='ocrx_word' id='word_1_139' title='bbox 117 2022 209 2087; x_wconf 86' lang='lat' dir='ltr'>vobis</span> <span class='ocrx_word' id='word_1_140' title='bbox 236 2021 401 2086; x_wconf 88' lang='lat' dir='ltr'>molestiae</span> <span class='ocrx_word' id='word_1_141' title='bbox 428 2024 461 2084; x_wconf 93' lang='lat' dir='ltr'>et</span> <span class='ocrx_word' id='word_1_142' title='bbox 487 2019 558 2086; x_wconf 90' lang='lat' dir='ltr'>aliis</span> <span class='ocrx_word' id='word_1_143' title='bbox 584 2019 815 2106; x_wconf 89' lang='lat' dir='ltr'>impedimento</span> <span class='ocrx_word' id='word_1_144' title='bbox 837 2022 915 2107; x_wconf 90' lang='lat' dir='ltr'>sim,</span> <span class='ocrx_word' id='word_1_145' title='bbox 941 2023 978 2088; x_wconf 90' lang='lat' dir='ltr'>in</span> <span class='ocrx_word' id='word_1_146' title='bbox 1002 2043 1065 2088; x_wconf 88' lang='lat' dir='ltr'>cra·</span> 
     </span>
     <span class='ocr_line' id='line_1_22' title="bbox 120 2109 457 2175; baseline -0.006 0"><span class='ocrx_word' id='word_1_147' title='bbox 120 2111 240 2175; x_wconf 78' lang='lat' dir='ltr'>atinum</span> <span class='ocrx_word' id='word_1_148' title='bbox 264 2109 457 2173; x_wconf 85' lang='lat' dir='ltr'>differentur.</span> 
     </span>
    </p>

    <p class='ocr_par' dir='ltr' id='par_1_4' title="bbox 117 2194 1076 3252">
     <span class='ocr_line' id='line_1_23' title="bbox 184 2194 1065 2284; baseline 0.001 -23"><span class='ocrx_word' id='word_1_149' title='bbox 184 2197 261 2263; x_wconf 91' lang='lat' dir='ltr'>Non</span> <span class='ocrx_word' id='word_1_150' title='bbox 288 2197 412 2280; x_wconf 90' lang='lat' dir='ltr'>dubito,</span> <span class='ocrx_word' id='word_1_151' title='bbox 439 2195 475 2261; x_wconf 89' lang='lat' dir='ltr'>L.</span> <span class='ocrx_word' id='word_1_152' title='bbox 504 2194 538 2262; x_wconf 78' lang='lat' dir='ltr'>d.</span> <span class='ocrx_word' id='word_1_153' title='bbox 566 2195 607 2263; x_wconf 88' lang='lat' dir='ltr'>V.</span> <span class='ocrx_word' id='word_1_154' title='bbox 633 2195 678 2281; x_wconf 80' lang='lat' dir='ltr'>P,</span> <span class='ocrx_word' id='word_1_155' title='bbox 710 2196 801 2282; x_wconf 90' lang='lat' dir='ltr'>quin,</span> <span class='ocrx_word' id='word_1_156' title='bbox 828 2199 1014 2284; x_wconf 87' lang='lat' dir='ltr'>quicunque</span> <span class='ocrx_word' id='word_1_157' title='bbox 1036 2201 1065 2262; x_wconf 83' lang='lat' dir='ltr'>te</span> 
     </span>
     <span class='ocr_line' id='line_1_24' title="bbox 117 2283 1065 2369; baseline 0.006 -22"><span class='ocrx_word' id='word_1_158' title='bbox 117 2283 182 2347; x_wconf 89' lang='lat' dir='ltr'>huc</span> <span class='ocrx_word' id='word_1_159' title='bbox 199 2284 331 2348; x_wconf 90' lang='lat' dir='ltr'>honoris</span> <span class='ocrx_word' id='word_1_160' title='bbox 353 2285 417 2347; x_wconf 89' lang='lat' dir='ltr'>mei</span> <span class='ocrx_word' id='word_1_161' title='bbox 439 2305 552 2348; x_wconf 87' lang='lat' dir='ltr'>caussa</span> <span class='ocrx_word' id='word_1_162' title='bbox 572 2286 699 2349; x_wconf 85' lang='lat' dir='ltr'>venisse</span> <span class='ocrx_word' id='word_1_163' title='bbox 721 2285 844 2369; x_wconf 90' lang='lat' dir='ltr'>vident,</span> <span class='ocrx_word' id='word_1_164' title='bbox 867 2290 903 2351; x_wconf 90' lang='lat' dir='ltr'>et</span> <span class='ocrx_word' id='word_1_165' title='bbox 923 2287 1065 2354; x_wconf 85' lang='lat' dir='ltr'>humani·</span> 
     </span>
     <span class='ocr_line' id='line_1_25' title="bbox 118 2372 1067 2461; baseline 0.009 -29"><span class='ocrx_word' id='word_1_166' title='bbox 118 2372 220 2432; x_wconf 89' lang='lat' dir='ltr'>tatem</span> <span class='ocrx_word' id='word_1_167' title='bbox 243 2391 320 2455; x_wconf 83' lang='lat' dir='ltr'>erga</span> <span class='ocrx_word' id='word_1_168' title='bbox 341 2391 392 2434; x_wconf 93' lang='lat' dir='ltr'>me</span> <span class='ocrx_word' id='word_1_169' title='bbox 414 2374 504 2434; x_wconf 90' lang='lat' dir='ltr'>tuam</span> <span class='ocrx_word' id='word_1_170' title='bbox 527 2372 736 2457; x_wconf 88' lang='lat' dir='ltr'>admirentur,</span> <span class='ocrx_word' id='word_1_171' title='bbox 761 2375 793 2437; x_wconf 93' lang='lat' dir='ltr'>et</span> <span class='ocrx_word' id='word_1_172' title='bbox 814 2394 866 2437; x_wconf 90' lang='lat' dir='ltr'>me</span> <span class='ocrx_word' id='word_1_173' title='bbox 889 2375 954 2440; x_wconf 93' lang='lat' dir='ltr'>tibi</span> <span class='ocrx_word' id='word_1_174' title='bbox 975 2375 1067 2461; x_wconf 84' lang='lat' dir='ltr'>pluri·</span> 
     </span>
     <span class='ocr_line' id='line_1_26' title="bbox 119 2457 1068 2548; baseline 0.009 -29"><span class='ocrx_word' id='word_1_175' title='bbox 119 2478 207 2520; x_wconf 90' lang='lat' dir='ltr'>mum</span> <span class='ocrx_word' id='word_1_176' title='bbox 234 2477 272 2520; x_wconf 93' lang='lat' dir='ltr'>eo</span> <span class='ocrx_word' id='word_1_177' title='bbox 298 2458 428 2521; x_wconf 85' lang='lat' dir='ltr'>nomine</span> <span class='ocrx_word' id='word_1_178' title='bbox 460 2457 575 2521; x_wconf 91' lang='lat' dir='ltr'>debere</span> <span class='ocrx_word' id='word_1_179' title='bbox 606 2460 811 2525; x_wconf 83' lang='lat' dir='ltr'>arbitrentur.</span> <span class='ocrx_word' id='word_1_180' title='bbox 855 2460 931 2548; x_wconf 81' lang='lat' dir='ltr'>Ego</span> <span class='ocrx_word' id='word_1_181' title='bbox 964 2468 1068 2530; x_wconf 89' lang='lat' dir='ltr'>autem</span> 
     </span>
     <span class='ocr_line' id='line_1_27' title="bbox 119 2543 1069 2637; baseline 0.011 -30"><span class='ocrx_word' id='word_1_182' title='bbox 119 2544 258 2627; x_wconf 85' lang='lat' dir='ltr'>ingenue</span> <span class='ocrx_word' id='word_1_183' title='bbox 280 2543 385 2608; x_wconf 86' lang='lat' dir='ltr'>fateor</span> <span class='ocrx_word' id='word_1_184' title='bbox 406 2543 508 2608; x_wconf 87' lang='lat' dir='ltr'>nihilo</span> <span class='ocrx_word' id='word_1_185' title='bbox 530 2565 582 2608; x_wconf 91' lang='lat' dir='ltr'>me</span> <span class='ocrx_word' id='word_1_186' title='bbox 604 2546 664 2611; x_wconf 88' lang='lat' dir='ltr'>tibi</span> <span class='ocrx_word' id='word_1_187' title='bbox 686 2551 857 2633; x_wconf 86' lang='lat' dir='ltr'>propterea</span> <span class='ocrx_word' id='word_1_188' title='bbox 879 2570 952 2616; x_wconf 85' lang='lat' dir='ltr'>esse</span> <span class='ocrx_word' id='word_1_189' title='bbox 977 2572 1069 2637; x_wconf 86' lang='lat' dir='ltr'>quan</span> 
     </span>
     <span class='ocr_line' id='line_1_28' title="bbox 120 2630 1071 2722; baseline 0.014 -29"><span class='ocrx_word' id='word_1_190' title='bbox 120 2634 216 2694; x_wconf 88' lang='lat' dir='ltr'>antea</span> <span class='ocrx_word' id='word_1_191' title='bbox 236 2631 361 2695; x_wconf 83' lang='lat' dir='ltr'>fueram</span> <span class='ocrx_word' id='word_1_192' title='bbox 383 2630 619 2698; x_wconf 86' lang='lat' dir='ltr'>devinctiorem.</span> <span class='ocrx_word' id='word_1_193' title='bbox 646 2632 706 2699; x_wconf 84' lang='lat' dir='ltr'>Cui</span> <span class='ocrx_word' id='word_1_194' title='bbox 728 2635 814 2700; x_wconf 91' lang='lat' dir='ltr'>enim</span> <span class='ocrx_word' id='word_1_195' title='bbox 832 2638 945 2702; x_wconf 88' lang='lat' dir='ltr'>omnia</span> <span class='ocrx_word' id='word_1_196' title='bbox 962 2640 1071 2722; x_wconf 90' lang='lat' dir='ltr'>debeo,</span> 
     </span>
     <span class='ocr_line' id='line_1_29' title="bbox 119 2718 1071 2807; baseline 0.008 -24"><span class='ocrx_word' id='word_1_197' title='bbox 119 2718 196 2803; x_wconf 91' lang='lat' dir='ltr'>quid</span> <span class='ocrx_word' id='word_1_198' title='bbox 215 2719 244 2783; x_wconf 93' lang='lat' dir='ltr'>ei</span> <span class='ocrx_word' id='word_1_199' title='bbox 261 2719 326 2784; x_wconf 88' lang='lat' dir='ltr'>iam</span> <span class='ocrx_word' id='word_1_200' title='bbox 344 2719 458 2785; x_wconf 85' lang='lat' dir='ltr'>debere</span> <span class='ocrx_word' id='word_1_201' title='bbox 476 2721 614 2807; x_wconf 88' lang='lat' dir='ltr'>amplius</span> <span class='ocrx_word' id='word_1_202' title='bbox 631 2723 774 2807; x_wconf 82' lang='lat' dir='ltr'>possim?</span> <span class='ocrx_word' id='word_1_203' title='bbox 806 2721 914 2798; x_wconf 85' lang='lat' dir='ltr'>Quare</span> <span class='ocrx_word' id='word_1_204' title='bbox 930 2746 976 2792; x_wconf 86' lang='lat' dir='ltr'>ne</span> <span class='ocrx_word' id='word_1_205' title='bbox 994 2726 1071 2793; x_wconf 87' lang='lat' dir='ltr'>illud</span> 
     </span>
     <span class='ocr_line' id='line_1_30' title="bbox 120 2809 1072 2896; baseline 0.007 -23"><span class='ocrx_word' id='word_1_206' title='bbox 120 2809 248 2894; x_wconf 91' lang='lat' dir='ltr'>quidem</span> <span class='ocrx_word' id='word_1_207' title='bbox 270 2809 350 2874; x_wconf 91' lang='lat' dir='ltr'>mihi</span> <span class='ocrx_word' id='word_1_208' title='bbox 373 2811 548 2875; x_wconf 89' lang='lat' dir='ltr'>curandum</span> <span class='ocrx_word' id='word_1_209' title='bbox 570 2814 663 2896; x_wconf 87' lang='lat' dir='ltr'>puto,</span> <span class='ocrx_word' id='word_1_210' title='bbox 689 2814 727 2875; x_wconf 88' lang='lat' dir='ltr'>ut</span> <span class='ocrx_word' id='word_1_211' title='bbox 747 2810 808 2875; x_wconf 90' lang='lat' dir='ltr'>tibi</span> <span class='ocrx_word' id='word_1_212' title='bbox 830 2812 996 2895; x_wconf 84' lang='lat' dir='ltr'>exquisito</span> <span class='ocrx_word' id='word_1_213' title='bbox 1019 2816 1072 2880; x_wconf 86' lang='lat' dir='ltr'>ali·</span> 
     </span>
     <span class='ocr_line' id='line_1_31' title="bbox 122 2897 1073 2987; baseline 0.005 -24"><span class='ocrx_word' id='word_1_214' title='bbox 122 2920 184 2982; x_wconf 92' lang='lat' dir='ltr'>quo</span> <span class='ocrx_word' id='word_1_215' title='bbox 212 2899 367 2965; x_wconf 89' lang='lat' dir='ltr'>orationis</span> <span class='ocrx_word' id='word_1_216' title='bbox 395 2921 511 2985; x_wconf 83' lang='lat' dir='ltr'>genere</span> <span class='ocrx_word' id='word_1_217' title='bbox 538 2900 659 2986; x_wconf 82' lang='lat' dir='ltr'>gratias</span> <span class='ocrx_word' id='word_1_218' title='bbox 691 2919 794 2984; x_wconf 84' lang='lat' dir='ltr'>agam.</span> <span class='ocrx_word' id='word_1_219' title='bbox 838 2897 909 2962; x_wconf 86' lang='lat' dir='ltr'>Ista</span> <span class='ocrx_word' id='word_1_220' title='bbox 929 2902 1073 2987; x_wconf 75' lang='lat' dir='ltr'>&#39;faciant</span> 
     </span>
     <span class='ocr_line' id='line_1_32' title="bbox 122 2988 1073 3072; baseline 0.008 -23"><span class='ocrx_word' id='word_1_221' title='bbox 122 2989 177 3068; x_wconf 92' lang='lat' dir='ltr'>qui</span> <span class='ocrx_word' id='word_1_222' title='bbox 196 3010 229 3050; x_wconf 86' lang='lat' dir='ltr'>se</span> <span class='ocrx_word' id='word_1_223' title='bbox 247 2992 378 3069; x_wconf 87' lang='lat' dir='ltr'>accepta</span> <span class='ocrx_word' id='word_1_224' title='bbox 395 2988 550 3051; x_wconf 87' lang='lat' dir='ltr'>beneficia</span> <span class='ocrx_word' id='word_1_225' title='bbox 567 2988 672 3052; x_wconf 85' lang='lat' dir='ltr'>verbis</span> <span class='ocrx_word' id='word_1_226' title='bbox 691 3007 867 3070; x_wconf 85' lang='lat' dir='ltr'>exaequare</span> <span class='ocrx_word' id='word_1_227' title='bbox 885 3010 985 3072; x_wconf 90' lang='lat' dir='ltr'>posse</span> <span class='ocrx_word' id='word_1_228' title='bbox 1000 3013 1073 3056; x_wconf 91' lang='lat' dir='ltr'>con·</span> 
     </span>
     <span class='ocr_line' id='line_1_33' title="bbox 120 3072 1075 3164; baseline 0.013 -31"><span class='ocrx_word' id='word_1_229' title='bbox 120 3072 233 3136; x_wconf 84' lang='lat' dir='ltr'>fidunt.</span> <span class='ocrx_word' id='word_1_230' title='bbox 265 3073 346 3135; x_wconf 88' lang='lat' dir='ltr'>Mihi</span> <span class='ocrx_word' id='word_1_231' title='bbox 368 3074 433 3135; x_wconf 82' lang='lat' dir='ltr'>iam</span> <span class='ocrx_word' id='word_1_232' title='bbox 454 3073 577 3153; x_wconf 88' lang='lat' dir='ltr'>pridem</span> <span class='ocrx_word' id='word_1_233' title='bbox 599 3074 750 3158; x_wconf 89' lang='lat' dir='ltr'>adempta</span> <span class='ocrx_word' id='word_1_234' title='bbox 771 3094 808 3138; x_wconf 90' lang='lat' dir='ltr'>ac</span> <span class='ocrx_word' id='word_1_235' title='bbox 830 3077 981 3158; x_wconf 87' lang='lat' dir='ltr'>praecisa</span> <span class='ocrx_word' id='word_1_236' title='bbox 1002 3101 1075 3164; x_wconf 88' lang='lat' dir='ltr'>spes</span> 
     </span>
     <span class='ocr_line' id='line_1_34' title="bbox 121 3159 1076 3252; baseline 0.017 -36"><span class='ocrx_word' id='word_1_237' title='bbox 121 3159 226 3218; x_wconf 89' lang='lat' dir='ltr'>omnis</span> <span class='ocrx_word' id='word_1_238' title='bbox 244 3162 293 3220; x_wconf 82' lang='lat' dir='ltr'>est</span> <span class='ocrx_word' id='word_1_239' title='bbox 311 3159 484 3240; x_wconf 89' lang='lat' dir='ltr'>quidquam</span> <span class='ocrx_word' id='word_1_240' title='bbox 503 3160 718 3245; x_wconf 84' lang='lat' dir='ltr'>excogitandi,</span> <span class='ocrx_word' id='word_1_241' title='bbox 737 3161 822 3246; x_wconf 92' lang='lat' dir='ltr'>quod</span> <span class='ocrx_word' id='word_1_242' title='bbox 840 3163 906 3227; x_wconf 88' lang='lat' dir='ltr'>tuis</span> <span class='ocrx_word' id='word_1_243' title='bbox 925 3185 1008 3252; x_wconf 77' lang='lat' dir='ltr'>erga</span> <span class='ocrx_word' id='word_1_244' title='bbox 1026 3189 1076 3232; x_wconf 90' lang='lat' dir='ltr'>me</span> 
     </span>
    </p>
   </div>
   <div class='ocr_carea' id='block_1_3' title="bbox 120 3238 1048 3335">
    <p class='ocr_par' dir='ltr' id='par_1_5' title="bbox 120 3238 1048 3335">
     <span class='ocr_line' id='line_1_35' title="bbox 120 3238 1048 3335; baseline 0.02 -34"><span class='ocrx_word' id='word_1_245' title='bbox 120 3238 407 3307; x_wconf 87' lang='lat' dir='ltr'>innumerabilibus</span> <span class='ocrx_word' id='word_1_246' title='bbox 430 3244 552 3309; x_wconf 88' lang='lat' dir='ltr'>meritis</span> <span class='ocrx_word' id='word_1_247' title='bbox 574 3248 640 3311; x_wconf 90' lang='lat' dir='ltr'>ulla</span> <span class='ocrx_word' id='word_1_248' title='bbox 662 3269 701 3313; x_wconf 86' lang='lat' dir='ltr'>ex</span> <span class='ocrx_word' id='word_1_249' title='bbox 723 3253 814 3333; x_wconf 86' lang='lat' dir='ltr'>parte</span> <span class='ocrx_word' id='word_1_250' title='bbox 836 3255 1048 3335; x_wconf 80' lang='lat' dir='ltr'>respondeat</span> 
     </span>
    </p>
   </div>
   <div class='ocr_carea' id='block_1_4' title="bbox 516 3421 674 3433">
    <p class='ocr_par' dir='ltr' id='par_1_6' title="bbox 516 3421 674 3433">
     <span class='ocr_line' id='line_1_36' title="bbox 516 3421 674 3433; baseline 0.032 -5"><span class='ocrx_word' id='word_1_251' title='bbox 516 3421 674 3433; x_wconf 43' lang='grc' dir='ltr'>ὴ.-</span> 
     </span>
    </p>
   </div>
   <div class='ocr_carea' id='block_1_5' title="bbox 0 0 1186 3824">
    <p class='ocr_par' dir='ltr' id='par_1_7' title="bbox 0 0 1186 3824">
     <span class='ocr_line' id='line_1_37' title="bbox 0 0 1186 3824; baseline 0 0"><span class='ocrx_word' id='word_1_252' title='bbox 0 0 1186 3824; x_wconf 95' lang='lat' dir='ltr'> </span> 
     </span>
    </p>
   </div>
  </div>
 </body>
</html>
