2332 3824
146 202 208 267 102
528 197 665 254 ORATIO
684 197 717 253 X.

143 347 248 412 Valde
272 345 393 411 scilieet
414 342 449 409 id
470 341 541 409 Diis
565 342 743 407 curandum
764 342 836 407 fuit.
872 340 971 428 Apud
995 343 1107 432 Virgi-

143 431 256 520 lium¹l
279 435 398 500 smisso
421 433 594 498 immature
615 434 719 497 morte
741 431 822 516 filio,

215 574 306 644 Atque
322 572 396 628 Deos
414 576 494 640 atque
512 575 589 626 astro
606 574 684 626 vocat
703 570 827 626 erudelis
844 574 937 626 meter.

212 699 296 765 Eece
322 697 384 762 tibi
411 698 504 761 alter:
532 697 608 782 quie
635 700 800 782 serpentes
825 718 893 761 une
919 718 994 762 oum
1022 698 1108 782 pelle

145 789 272 855 senium
294 807 408 852 exuere
432 786 595 870 dieuntur,
618 784 705 852 Deos
724 785 867 850 crudeles
885 789 994 871 voest,
1020 787 1108 871 quod

146 898 213 943 non
235 876 322 940 idem
343 874 534 940 beneficium
556 874 708 940 formosis
730 873 912 938 tribuerint.

218 1014 346 1071 Crudeles
363 1013 448 1070 Diri!
465 1029 574 1082 serpens
591 1029 678 1068 riorus
696 1013 773 1069 exuit
790 1027 891 1068 aereos.-

253 1085 372 1141 Formae
389 1101 445 1140 reon
458 1085 544 1138 ellam
561 1084 623 1151 fato
641 1085 735 1139 dedere
751 1082 890 1152 moreml).

147 1210 194 1278 At
210 1212 272 1275 -ille
294 1210 422 1294 quidem
444 1209 528 1273 levia
547 1211 579 1273 et
596 1230 617 1272 a
634 1211 739 1293 politis
757 1210 895 1275 fortasse
917 1230 978 1295 per
998 1211 1109 1278 iocum

148 1300 247 1383 diets,
274 1297 335 1362 etsi
361 1297 443 1361 tales
469 1296 533 1361 iooi
554 1298 644 1362 nullo
671 1299 768 1364 modo
795 1299 920 1363 ferendi
946 1300 1108 1366 videntur.

149 1384 239 1452 Serio
276 1385 405 1470 quidem
440 1385 531 1468 loqui
566 1385 694 1452 videtur
730 1387 816 1472 apud
851 1385 1108 1473 Aristophanem

149 1471 385 1560 Ohremylus³),
422 1473 477 1559 qui
509 1495 557 1559 se,
593 1495 667 1539 eum
701 1477 775 1560 pius
807 1497 846 1540 so
875 1476 981 1542 iustus
1014 1483 1108 1564 esset,

149 1567 183 1628 et
213 1564 297 1627 mele
328 1565 439 1627 temen
470 1585 539 1626 rem
571 1566 697 1648 gereret
728 1565 882 1650 gravique
914 1571 1108 1651 paupertate

148 1653 348 1735 premeretur
379 1672 416 1715 se
443 1651 567 1716 videret
588 1653 713 1717 interes
736 1653 816 1718 elios
840 1654 1030 1741 sacrilegos,
1057 1678 1107 1722 oe·

148 1739 373 1824 lumnietores,
395 1739 561 1823 improbos
586 1740 706 1806 divitiis
726 1741 905 1827 abundare,
925 1745 1108 1827 profestum

150 1851 219 1894 esse
239 1828 316 1893 dicit
334 1827 376 1892 sd
394 1825 593 1913 Apollinem,
611 1831 649 1894 ut
667 1851 706 1893 ex
724 1851 762 1894 eo
777 1830 1007 1917 soiseiteretur‚
1026 1856 1107 1918 quae

150 1919 218 1982 eius
240 1917 288 1982 rei
311 1936 424 1981 caussa
442 1918 540 2001 esset3
562 1917 729 2001 multoque
747 1919 851 2003 magis
873 1919 928 1984 ille
946 1920 983 1985 in
1000 1926 1107 1987 vetere

149 2002 364 2092 tragoedie4):

221 2137 871 2285 letordiseede{eleeto22⁰²·

150 2339 196 2405 Et
218 2338 331 2403 eodem
353 2341 545 2423 argumento
570 2339 686 2424 delusi,
708 2343 745 2405 ut
768 2341 815 2404 eit
836 2339 1043 2430 Iuvenalisl),

222 2475 309 2542 Sient,
327 2476 376 2545 qui
392 2475 425 2530 ire
442 2476 571 2543 fortunae
588 2476 646 2530 iarn
664 2476 771 2531 caestus
790 2479 883 2533 omnia
896 2485 1021 2548 portaret,

222 2546 264 2600 Et
281 2546 414 2602 mundum
431 2547 508 2601 nullo
527 2546 640 2601 erederet
656 2552 757 2603 rectore
774 2551 887 2616 moveri,

221 2616 337 2671 Natura
354 2616 474 2672 volvente
491 2617 561 2671 oiees
579 2621 604 2671 et
622 2618 691 2672 lueis
708 2623 734 2673 et
751 2619 829 2674 endi.

151 2740 347 2808 Gravissime
370 2745 480 2809 eutem
502 2742 739 2811 dubitationem
762 2767 800 2810 ee
823 2745 919 2810 dere
943 2768 1037 2813 suam
1061 2771 1112 2815 ex·

152 2833 270 2917 pressit
293 2832 433 2917 optimus
456 2833 527 2899 aevi
551 2833 601 2898 sui
623 2837 732 2919 polita,
756 2831 999 2922 Oleuffienus⁶):

224 2973 311 3041 Saepe
328 2973 396 3026 midi
414 2973 528 3028 dubiam
545 2973 634 3027 traxit
651 2973 786 3027 sententia
803 2977 928 3038 meeum,

225 3043 361 3097 Ourorerd
379 3042 481 3110 Superi
498 3049 602 3108 terras,
621 3059 659 3097 arr
676 3044 771 3097 nullus
788 3043 886 3098 inesset

223 3112 336 3178 Rector,
355 3117 380 3166 et
397 3114 500 3168 incerto
519 3115 633 3181 demeret
650 3114 780 3168 mortalia
798 3129 871 3169 casu.

224 3182 300 3236 Naro
318 3199 378 3236 eom
397 3184 523 3252 dispositi
541 3182 700 3252 quaesissem
718 3184 828 3251 foedera
844 3184 953 3252 mundi,

227 3252 469 3324 Praeseriptosque
486 3254 560 3308 mori
577 3254 645 3320 fines
663 3255 783 3325 ornique
800 3260 917 3322 matus,

211 3394 237 3463 1)
256 3392 351 3464 Eelog.
366 3394 399 3449 V.
415 3399 490 3476 23..
548 3397 575 3463 2)
595 3395 698 3451 Tibull.
722 3397 743 3451 I.
763 3403 787 3450 4.
807 3401 841 3450 35
860 3414 900 3466 sq.
992 3398 1019 3464 3)
1039 3396 1117 3454 Plut

155 3469 283 3591 lillis
299 3553 359 3598 θρα.
377 3468 404 3534 4³
423 3463 764 3603 iiil'dillmifielp‘
778 3472 839 3592 ‚³⁸³
863 3466 891 3520 s
1007 3468 1035 3535 ὅ)
1056 3467 1120 3524 Μ’

341 3595 344 3598 .
613 3579 619 3592 ·
738 3554 776 3606 qq
