2332 3824
99 143 141 207 72
467 141 602 198 ORATIO
621 140 681 196 VII.

97 287 161 354 ista
179 288 340 372 eloquent'
331 309 364 352 11
317 289 445 371 1111,
463 286 590 351 auditas
609 306 704 350 voces
722 286 840 350 iterare
860 307 899 351 ac
918 288 1062 374 reddere,

97 398 201 460 neque
230 376 403 460 quidquam
430 396 573 459 unquam
600 373 703 439 dicere
732 373 818 456 quod
845 375 889 439 111
917 398 995 441 vere
1025 399 1061 443 ac

98 465 235 567 proprie
245 468 346 529 t.uum
377 462 477 529 Aliud
495 462 621 546 antiqui
639 462 801 527 vocabant
786 462 1060 567 teloquentiam:

98 555 152 637 qui
175 553 238 617 nisi
260 552 316 634 qui
338 551 377 614 de
400 551 546 615 civilibus
569 553 669 635 negot
669 550 708 614 iis
731 553 844 616 ornate
869 572 908 615 ac
929 554 1059 637 copiose

97 641 186 724 loqui
208 642 331 723 posset,
354 639 410 722 qui
428 639 561 704 dicendo
581 639 706 702 animos
725 638 929 719 audientium
953 641 1059 706 fiecte-

97 733 160 811 ret,
183 727 238 809 qui
261 727 507 792 admirationem
529 727 718 808 concitaret,
741 726 798 809 qui
819 727 917 793 modo
940 729 1058 795 clamo·

97 837 148 879 res
166 814 301 899 faceret,
319 815 414 880 modo
430 815 655 880 circumfusam
668 813 910 879 multitudinem
925 819 1058 901 stupore

98 903 266 987 defigeret,
296 904 459 968 neminem
491 905 694 986 eloquentem
725 902 896 967 vocabant.
942 903 1057 989 Itaque

98 991 153 1075 qui
185 1013 219 1056 se
253 991 379 1057 dicendi
410 992 583 1076 magistros
609 990 857 1074 profitebantur,
884 991 994 1056 multa
1021 994 1057 1058 de

97 1080 224 1145 ratione
248 1080 508 1166 argumentandi,
531 1079 634 1143 multa
657 1080 695 1143 11
713 1078 888 1143 virtutibus
908 1101 947 1144 ac
962 1081 1057 1165 vitiis,

98 1168 201 1233 multa
228 1167 267 1231 de
294 1167 548 1251 permotionibus
575 1167 688 1250 animi,
717 1167 819 1230 multa
848 1166 888 1230 dc
911 1171 1058 1234 veterum

97 1254 255 1318 institutis
279 1275 316 1318 ac
338 1255 479 1338 legibus,
505 1255 608 1318 multa
631 1255 670 1318 de
692 1255 818 1319 ratione
840 1253 1057 1322 instituenda-

98 1362 170 1406 rum
193 1362 230 1405 ac
254 1341 537 1426 gubernandarum
560 1343 727 1407 civitatum
755 1343 983 1429 disputabant,
1012 1367 1058 1411 se-

99 1451 160 1514 que
182 1432 353 1513 propterea
375 1451 443 1495 non
465 1430 611 1497 rhetoras
633 1434 702 1514 aut,
730 1452 811 1514 quae
840 1433 911 1495 tum
935 1433 1059 1498 usitata

99 1521 169 1582 erat
190 1519 335 1603 ipsorum
363 1518 550 1603 appellatio,
578 1519 753 1602 sophistas,
781 1518 836 1582 sed
864 1519 1058 1604 gloriosiore

98 1625 136 1668 ac
171 1607 448 1691 magnificentiore
484 1608 615 1672 nomine
650 1606 799 1690 politicos
830 1607 1059 1674 nominabant.

98 1691 139 1757 In
161 1715 266 1777 quoe
249 1695 310 1758 etsi
333 1717 387 1761 eos
411 1693 502 1760 Arist
488 1690 641 1779 toteles*)
666 1695 824 1779 coarguit,
851 1694 922 1777 ipse
946 1699 1059 1763 tamen

99 1781 205 1867 docet,
227 1783 300 1847 rhet
285 1783 409 1848 toricen
432 1783 584 1868 quiddam
606 1803 675 1847 esse
699 1803 738 1846 ex
764 1744 932 1849 dialectica
961 1787 1059 1850 etex

97 1872 231 1956 politica
254 1871 372 1937 conflat
358 1875 428 1937 tum
451 1874 547 1972 atque
575 1870 791 1954 commistum,
818 1873 851 1933 et
877 1892 962 1972 opus
986 1873 1060 1939 rhe-

98 1961 215 2026 torices
239 1981 307 2025 esse
331 1961 390 2044 ait,
412 1960 451 2024 iis
469 1960 505 2024 in
523 1959 618 2025 rebus
638 1920 800 2042 1111111111,
824 1979 905 2041 quae
924 1959 962 2024 in
981 1982 1060 2027 con·

99 2050 308 2114 saltationem
335 2010 467 2132 cadunt,
495 2047 604 2113 omnia
631 2047 751 2129 videre,
778 2066 860 2130 quae
888 2048 929 2110 ad
959 2048 1061 2114 fidem

98 2136 279 2201 faciendam
306 2136 527 2203 accommodat
528 2159 548 2200 1
570 2139 655 2201 sunt.
692 2134 807 2199 Tribus
831 2136 887 2198 aut
888 2155 940 2199 em
963 2158 1061 2220 prae·

99 2223 201 2306 cipuis
229 2225 389 2307 capitibus
415 2224 478 2290 hoc
501 2224 660 2290 contineri
686 2223 745 2286 111·
773 2222 799 2286 11
826 2221 873 2285 111
900 2222 1062 2312 dicamus,

98 2311 149 2392 ut,
177 2310 231 2391 qui
258 2311 406 2393 audiunt,
437 2311 541 2375 bonos
568 2311 653 2375 viros
681 2330 750 2373 esse
777 2332 838 2374 nos
866 2278 1062 2398 opinentur,

99 2397 128 2460 si
154 2417 265 2460 eorum
293 2397 393 2460 animi
419 2401 527 2461 motus
555 2397 712 2479 quosdam
738 2397 924 2480 concipiant
952 2399 997 2464 ad
1026 2364 1062 2467 id

99 2483 185 2566 quod
198 2483 346 2548 volumus
361 2483 564 2548 efficiendum
583 2486 679 2566 atque
698 2483 909 2549 obtinendum
929 2506 1062 2555 accom-

98 2570 307 2654 modatos3'
282 2571 378 2654 1111,
401 2570 487 2654 quod
508 2571 645 2656 probare
667 2572 830 2658 volumus,
851 2575 908 2637 aut
922 2573 1061 2642 demon-

99 2662 235 2724 stremus
259 2661 316 2723 aut
337 2659 557 2724 demonstrare
579 2659 752 2725 videamur.

165 2747 212 2812 Ut
239 2751 348 2813 autem
374 2747 574 2835 dialecticus,
604 2771 673 2815 non
703 2749 757 2813 ille
789 2769 828 2813 ex
859 2748 1062 2821 scholastico

97 2837 229 2920 pulvere
256 2839 412 2903 clamator
443 2838 572 2904 odiosus
605 2859 642 2902 ac
673 2839 842 2920 molestus,
869 2836 925 2900 sed
958 2861 1062 2908 verus

100 2946 137 2989 ac
160 2947 333 3011 germanus
362 2927 488 2992 dialect
464 2931 547 2992 trcus
571 2926 696 2991 duobus
719 2924 1017 3027 adprobandum
1007 2950 1061 2994 1n·

100 3015 287 3078 strumentis
314 3016 416 3079 utitur
457 3015 644 3113 syllogismo
662 3013 1061 3082 1111111111111111111

99 3116 230 3179 compar
257 3121 295 3164 11
322 3102 468 3185 geminus
496 3100 564 3169 et
554 3122 590 3163 1n
613 3100 759 3164 dissimili
786 3119 903 3184 genere
931 3101 1060 3168 similli-

99 3204 170 3246 mus
199 3188 308 3250 orator
337 3187 399 3251 duo
428 3187 492 3250 alia
517 3186 629 3271 habet,
662 3209 743 3272 quae
771 3188 895 3252 duobus
922 3188 987 3252 illis
1017 3213 1060 3258 ex

100 3269 201 3336 altera
227 3276 319 3355 parte
346 3274 575 3357 respondeant,
603 3275 821 3361 enthymema,
849 3275 933 3359 quod
957 3279 1058 3360 syllo-

154 3462 311 3534 *)Rhetor.
331 3463 352 3518 Ι.
372 3467 444 3515 aa·
