2332 3824
134 111 174 149 ,0
519 79 709 138 carmon

132 233 166 294 et
185 228 388 295 exornandae
407 225 564 292 orationis
586 227 758 309 praecepta
779 225 888 311 tradi,
915 250 993 296 non
1012 252 1050 295 ex

132 322 242 382 tamen
255 317 447 399 efficeretur,
466 313 552 398 quod
565 313 620 377 isti
633 313 761 396 volunt,
780 311 926 380 inanem
942 318 1062 402 quand

133 409 166 472 et
187 405 344 471 ludicram
362 404 509 467 nostram
529 421 657 467 omnem
678 420 747 464 esse
768 398 982 489 doctrinam,
1006 428 1066 491 neq

134 495 197 559 alio
225 514 323 577 quam
349 490 390 554 ad
416 510 590 573 puerorum
616 488 741 553 animos
763 509 852 552 vana
876 493 1034 575 quadam
1054 516 1074 560 ο.

134 582 306 648 lactatione
334 577 559 642 demulcendos
586 575 708 641 referri
761 573 901 642 Etenim
929 586 1081 665 poetatur

134 668 276 749 fabulae,
303 686 383 748 ques
405 664 461 728 isti
488 667 657 748 tantopere
681 663 848 747 exagitant
872 670 911 731 et
938 668 1088 735 insectan

135 761 201 838 tur,
218 774 286 818 non
304 752 388 817 levia
402 751 559 835 quaedam
578 756 611 816 ct
627 751 730 836 frugis
750 751 899 834 expertia
918 757 1094 824 otiosam

135 842 303 908 hominum
320 843 503 906 commenta
521 843 610 924 sunt3
631 841 729 905 immo
747 859 823 903 vero
844 841 908 906 sub
933 843 995 929 iis,
1019 847 1099 911 velut

135 929 309 997 involucris
336 932 433 1013 atque
459 929 703 1014 integumentis,
731 926 835 991 omnis
859 927 1025 998 doctrina
1046 934 1100 999 ele

136 1041 231 1106 gans,
252 1019 356 1086 omnis
376 1019 519 1103 ingenuo
539 1016 670 1080 homine
689 1015 788 1100 digna
806 1016 974 1102 cognitio,
997 1021 1100 1087 omnir

137 1109 273 1191 denique
292 1105 450 1190 sapientia
468 1105 659 1169 continetur.
688 1102 988 1194 Eratosthenem*)
1004 1130 1100 1194 quen·

137 1197 211 1258 dam
233 1193 333 1256 fuisse
356 1193 461 1276 aiunt,
484 1192 539 1275 qui
561 1192 709 1276 politicen
730 1191 778 1254 ita
796 1193 1046 1281 contemneret,
1068 1199 1101 1262 ut

135 1281 314 1347 Homerum
331 1281 460 1364 ineptae
478 1279 683 1363 loquacitatis
695 1279 886 1363 magistrum
900 1284 1100 1351 nominaret

137 1369 184 1461 At
206 1372 290 1434 certe
312 1367 421 1453 Plato,
447 1371 483 1433 at
503 1367 709 1450 Aristoteles,
732 1388 869 1449 quorum
890 1387 963 1435 non
988 1373 1100 1455 paullo

138 1459 240 1523 maior
254 1460 304 1522 est
317 1478 413 1542 quam
430 1456 539 1521 nescio
558 1455 648 1520 cuius
661 1453 888 1519 Eratosthenis
905 1460 1100 1543 auotoritas,

137 1546 185 1609 ita
216 1566 311 1629 saepe
341 1545 486 1629 repetitis
518 1565 557 1608 ex
589 1563 627 1608 eo
657 1542 852 1606 testimoniis
884 1544 1033 1611 utuntur
1062 1547 1100 1613 ad

139 1631 359 1697 confirmanda
378 1654 428 1715 ea,
451 1652 532 1714 quae
555 1629 702 1712 tradunt,
723 1633 762 1694 ut
781 1651 855 1694 eum
873 1650 945 1695 non
964 1635 1100 1699 tantum

138 1719 371 1786 studiosissime
397 1718 527 1803 legisse,
554 1717 609 1781 sed
631 1717 685 1782 vix
712 1738 854 1801 unquam
877 1717 916 1781 de
942 1722 1099 1788 manibus

139 1808 324 1896 deposuisse
341 1807 520 1874 videantur.
552 1804 666 1890 Itaque
684 1805 796 1870 mirari
814 1806 914 1890 selec,
933 1827 1011 1873 cum
1029 1810 1099 1895 qui·

140 1900 227 1984 dam,
250 1898 305 1983 qui
327 1919 361 1962 se
383 1894 594 1981 philosophos
615 1894 717 1960 videri
739 1894 886 1979 cupiunt,
909 1896 943 1957 et
965 1897 1099 1978 quidem

140 1988 297 2054 eiusmodi
313 1985 537 2071 philosophos,
559 1986 609 2068 ut,
630 1987 786 2067 tanquam
803 1980 936 2046 Atlante
960 1986 1099 2070 coelum,

139 2075 187 2139 ita
208 2075 448 2158 philosophiam
470 2071 639 2158 supercilio
663 2093 721 2138 suo
743 2070 805 2135 niti
822 2072 951 2154 putent,
973 2071 1024 2135 ita
1045 2072 1097 2137 de

140 2162 278 2244 spicatui
301 2162 424 2225 ducunt
443 2165 570 2245 po'e‘tas,
596 2163 766 2225 uteorum
789 2159 908 2243 scripta
930 2158 1097 2243 adspicere

142 2268 175 2312 se
191 2247 318 2331 dignari
334 2251 465 2330 negent.
492 2246 554 2322 Qui
567 2245 696 2329 quidem
714 2245 892 2310 cuiusmodi
908 2245 1097 2332 philosophi

142 2335 219 2417 sint,
237 2335 300 2418 ipsi
317 2333 468 2418 viderint,
487 2354 560 2398 oum
578 2352 633 2397 eos
651 2334 873 2417 contemnant,
892 2355 973 2416 quos
990 2335 1097 2418 philo·

142 2422 317 2506 sophorum
338 2422 537 2506 coryphaeus
554 2419 648 2484 Plato
670 2419 766 2484 modo
788 2421 964 2505 sapientiae
985 2426 1097 2505 patres

142 2531 180 2573 ac
203 2509 313 2594 duces,
335 2509 431 2576 modo
447 2509 590 2575 Deorum
611 2507 816 2591 interpretes,
838 2509 934 2574 modo
951 2508 1097 2575 Deorum

141 2596 225 2662 fflios
238 2600 344 2662 vocat.
367 2597 560 2663 Aristoteles
573 2596 691 2679 autem,
704 2595 794 2661 cuius
807 2597 863 2662 isti
876 2618 910 2662 se
924 2617 1096 2681 germanos

196 2770 222 2838 ¹⁸)
240 2770 327 2826 Nullo
346 2770 429 2827 modo
447 2769 581 2825 credibile
603 2770 659 2838 est,
682 2769 910 2839 Eratosthenem,
933 2769 1097 2826 excellentis

143 2838 287 2896 doctrinae
300 2842 393 2896 virum
411 2843 441 2896 et
458 2841 591 2910 eundem,
610 2839 686 2910 quod
701 2840 829 2910 inprimis
844 2841 880 2897 ad
893 2856 952 2895 rem
965 2841 1097 2910 pertinet,

141 2910 257 2978 pettam
284 2913 383 2980 talem,
410 2914 443 2966 ut
464 2911 608 2998 Longinus
630 2929 659 2965 π.
682 2903 733 2979 du.
756 2916 779 2976 ἕ.
799 2918 840 2965 33.
864 2911 923 2966 eius
945 2911 1098 2991 Erigonem

141 2975 311 3101 qqchqdrrov
329 2978 379 3104 drdq
395 2977 510 3064 aderas
529 2976 835 3105 cfiprdpqpovdalppellet,
858 2982 1029 3104 authpo'esqp
1048 2984 1099 3106 aqtit

143 3066 302 3173 camalet
313 3067 739 3176 llllrzlnlttldu
746 3068 809 3176 aa
823 3067 1002 3203 altdtt.
1016 3069 1058 3192 13¹?
1055 3068 1098 3177 ὦ.

143 3193 185 3241 35.
206 3193 249 3241 45.
274 3205 350 3259 seqq.
369 3191 419 3245 ubi
436 3190 636 3245 Eratosthenes
654 3190 805 3246 Homerum
827 3189 1019 3260 reprehendit,
1042 3208 1100 3247 non

142 3256 324 3327 loquacitatis
348 3261 472 3328 nomine,
496 3260 545 3315 sed
564 3260 651 3330 quod,
675 3261 770 3315 omnia
791 3260 827 3314 ad
848 3259 1004 3330 legentium
1021 3261 1099 3316 volu·

143 3331 252 3400 ptatem
265 3330 401 3398 referens,
419 3348 476 3385 non
489 3345 581 3401 pauca
594 3329 706 3387 finxerit
719 3329 909 3402 geographiae
922 3331 952 3384 et
964 3329 1100 3388 historiae

143 3400 339 3472 repugnantia.
371 3401 483 3457 Ruhnk.
