2332 3824
499 201 634 258 ORATIO
654 201 727 256 XIII.

138 560 521 623 INTERPRETATURUS
545 558 576 621 C.
598 558 850 619 SALLUSTIUM
872 560 927 618 DE
953 559 1101 620 CATILI-

407 667 490 726 NAE
515 661 823 725 CONIURATIONE.

436 817 647 902 ORATIO
679 816 798 901 XIII.

250 995 369 1035 HABITA
382 993 487 1036 ROMAE
501 992 545 1032 ΙΙΙ.
559 990 628 1033 NON.
641 990 794 1033 Novanus.
807 992 989 1036 nnnxxvm

206 1136 355 1203 Advenit⁴
370 1136 502 1201 tandem
523 1134 604 1199 illud
627 1134 719 1200 vobis
742 1156 884 1220 quoque,
912 1139 951 1201 ut
974 1138 1100 1222 opinor,

141 1226 318 1308 auditoreS,
350 1225 405 1288 sed
433 1223 513 1286 mihi
541 1227 626 1285 certe
655 1223 934 1306 exoptatissimum
961 1226 1100 1310 tempus,

141 1334 203 1396 quo
233 1313 287 1375 diu
314 1312 380 1374 iam
405 1309 605 1374 intermissas
634 1311 878 1376 exercitationes
905 1315 1039 1378 nostras
1069 1319 1100 1379 et

141 1400 260 1484 studia,
291 1398 379 1463 haud
411 1398 505 1462 facile
534 1397 681 1482 dixerim,
712 1399 893 1465 honestatis
921 1422 965 1464 an
995 1404 1099 1467 suavi·

140 1489 217 1552 tatis
251 1488 412 1572 pleniora,
446 1489 638 1571 repetamus.
683 1485 778 1551 Iuvat
807 1487 893 1552 hanc
925 1488 1009 1553 mihi
1041 1492 1099 1555 cir·

141 1577 334 1661 cumfusam,
365 1576 531 1640 incensam
563 1596 600 1640 ac
631 1575 824 1660 flagrantem
851 1575 906 1640 siti
937 1576 1099 1643 bonarum

141 1664 273 1748 artium,
296 1665 446 1748 cupidam
469 1685 562 1728 verae
585 1684 623 1727 ac
646 1663 766 1728 solidae
789 1663 894 1728 laudis
913 1667 948 1728 et
966 1666 1099 1752 gloriae,

142 1773 196 1817 ore
228 1753 300 1836 ipso
333 1758 429 1837 atque
462 1752 562 1816 oculis
595 1751 704 1815 omnia
735 1772 786 1816 me
814 1772 941 1816 summa
969 1775 1098 1839 sperare

142 1841 181 1905 de
213 1841 380 1905 alacritate
413 1843 445 1904 et
479 1839 639 1903 industria
669 1860 729 1903 sua
763 1839 929 1904 iubentem
964 1842 1098 1906 lectissi-

141 1952 268 1994 morum
301 1928 541 1994 adolescentum
573 1948 725 1991 coronam
756 1927 888 2010 intueri3
920 1927 1013 1993 iuvat
1045 1932 1098 1995 ad-

143 2019 237 2102 spici,
264 2019 355 2082 iuvat
383 2015 500 2099 audiri,
526 2015 617 2079 iuvat
638 2014 674 2077 in
700 2015 819 2079 talibus
841 2016 983 2101 ingeniis
1007 2039 1098 2083 exco-

141 2106 245 2170 lendis
286 2105 441 2189 quidquid
480 2104 708 2188 ingravescens
748 2105 837 2167 aetas
872 2104 990 2169 virium
1027 2107 1097 2171 reli-

142 2195 260 2276 querit,
283 2195 448 2258 collocare.
484 2190 540 2255 An
566 2191 726 2276 agricolae
749 2211 822 2255 cum
848 2193 977 2257 teneras
1005 2195 1098 2260 arbo-

140 2301 192 2342 res
237 2301 256 2341 a
297 2301 331 2344 se
372 2281 475 2344 cultas
516 2280 557 2343 ad
601 2280 721 2343 iustam
761 2300 830 2343 sese
870 2280 1099 2364 proceritatem

141 2366 311 2450 paullatim
353 2367 539 2430 attollentes
579 2366 703 2449 vident,
747 2367 924 2432 efferuntur
965 2370 1099 2455 gaudi03

140 2452 279 2537 pastoris
307 2457 432 2536 pectus,
460 2453 567 2536 gregis
596 2452 657 2515 sibi
684 2454 847 2519 commissi
872 2456 1033 2523 laetitiam
1063 2481 1100 2524 ac

140 2540 372 2604 fecunditatem
389 2540 559 2622 intuentis,
576 2539 677 2603 tacita
694 2541 861 2625 voluptate
879 2544 1100 2631 perfunditur3

142 2629 196 2712 qui
219 2628 367 2691 alumnos
390 2648 466 2691 suos
488 2626 635 2712 rigentes
662 2649 700 2693 ac
727 2629 879 2696 florentes
906 2632 1101 2721 adspiciunt,

142 2716 328 2781 afficiuntur
354 2715 477 2780 intimis
509 2716 656 2781 sensibus
683 2720 716 2782 et
741 2719 942 2783 iuventutem
968 2722 1101 2789 illorum

142 2829 233 2870 suam
248 2806 483 2890 quodammodo
497 2806 698 2872 iuventutem
716 2828 785 2871 csse
804 2807 970 2892 ducentes,
989 2831 1100 2877 excus-

143 2917 179 2959 sa
207 2899 371 2960 senectute
394 2897 606 2960 recalescunt:
635 2916 709 2980 ego,
732 2896 950 2960 adolescentes
975 2901 1101 2984 optimi,

142 3004 159 3045 e
183 2991 289 3049 vestro
309 2985 344 3047 in
361 2985 477 3047 litteris
500 2984 648 3065 profectu
671 3005 708 3046 ac
726 3005 899 3068 progressu
921 3005 990 3048 non
1014 2987 1102 3052 idem

141 3070 221 3131 mihi
244 3093 305 3133 usu
328 3071 437 3133 venire
459 3068 585 3133 fatear?
621 3067 735 3152 Neque
757 3072 837 3134 mihi
865 3093 942 3135 sane
966 3072 1102 3140 dubium
1163 3140 1164 3145 ,

142 3156 204 3234 cst,
228 3157 307 3237 quin
329 3156 489 3239 plerisque
512 3157 655 3219 vestrum
673 3159 903 3241 quadrimestre
921 3160 1002 3224 illud
1021 3167 1102 3228 tem-

141 3261 216 3325 puS,
258 3241 343 3324 quod
381 3242 476 3305 nobis
513 3244 687 3323 quotannis
730 3262 768 3309 ex
804 3250 911 3311 vetere
947 3248 1102 3318 instituto

143 3328 285 3393 solutum
304 3348 341 3390 ac
359 3327 497 3392 liberum
521 3331 720 3416 conceditur,
741 3334 826 3399 iusto
845 3335 976 3420 longius
994 3339 1104 3404 visum

143 3417 197 3482 sit:
229 3415 268 3479 iis
296 3415 462 3498 nimirum,
494 3417 609 3500 quibus
639 3441 730 3485 amor
756 3421 885 3486 virtutis
913 3444 950 3485 ac
977 3425 1104 3492 littera-

142 3528 214 3570 rum
236 3505 271 3569 in
293 3501 468 3567 visceribus
492 3526 529 3569 ac
552 3505 700 3572 medullis
728 3507 849 3574 defixus
871 3510 1004 3595 insedit,
1033 3517 1105 3598 qui-
