2332 3824
149 181 212 245 120
532 179 668 237 ORATIO
686 180 747 234 XII.

148 325 308 410 tripertita
330 326 379 391 vis
402 329 459 390 est.
495 323 571 389 Alia
592 324 679 388 enim
706 322 774 388 eius
800 327 978 407 praecepta
1007 325 1115 411 docet,

148 415 308 497 quomodo
336 414 407 498 quis
430 413 531 477 vitam
558 434 649 477 suam
675 411 827 496 privatim
854 411 1031 477 instituere
1061 414 1114 478 de·

147 503 235 589 beat,
263 503 327 566 alia
352 501 394 566 ad
420 502 580 567 rationem
612 499 884 564 administrandae
912 501 962 564 rei
990 500 1112 566 famili-

148 592 212 656 aris
234 590 388 675 pertinet,
411 589 475 653 alia
497 589 539 653 ad
560 588 718 674 regendas
740 608 778 651 ac
805 589 1040 671 temperandas
1069 590 1109 655 ci·

147 679 272 744 vitates
316 676 407 742 Haec
438 680 547 741 autem
578 676 620 741 ad
647 697 748 740 unum
775 675 977 759 eundemque
1010 677 1110 742 finem

148 768 257 832 omnia
279 765 475 850 diriguntur,
496 765 531 829 id
553 767 615 849 est,
638 764 678 829 ad
701 763 896 828 felicitatem.
924 762 990 828 Sed
1009 765 1108 830 inter·

147 855 224 918 dum
251 854 359 938 agitur
385 853 424 917 de
451 853 605 918 felicitate
632 852 729 916 unius
756 851 910 934 hominis,
941 852 1109 918 interdum

148 942 307 1026 quomodo
329 941 364 1006 id
385 942 492 1026 ipsum
513 942 636 1006 bonum
657 940 719 1005 toti
731 939 873 1004 familiae
891 946 1109 1025 comparetur,

149 1030 310 1094 interdum
338 1030 498 1114 quomodo
527 1028 658 1095 civitati.
699 1025 832 1112 Semper
858 1031 970 1091 autem
996 1033 1107 1112 partes

149 1119 331 1184 referuntur
353 1119 394 1182 ad
416 1120 535 1201 totum,
556 1137 661 1200 neque
679 1117 776 1180 aliam
794 1116 835 1180 ob
854 1136 1004 1180 caussam
1025 1117 1107 1182 bene

148 1230 217 1272 esse
239 1207 316 1271 huic
338 1210 395 1271 aut
416 1205 464 1269 illi
486 1205 572 1289 parti
595 1205 753 1289 cupimus,
776 1225 873 1287 quam
894 1206 933 1266 ut
955 1204 1042 1269 bene
1066 1206 1106 1270 sit

149 1297 245 1359 etiam
263 1294 333 1358 toti.
365 1293 485 1357 Totum
507 1292 594 1357 enim
614 1296 707 1376 parte
726 1292 834 1376 aliqua
851 1312 960 1355 carere
984 1296 1106 1376 potest:

149 1386 182 1446 at
203 1385 273 1447 toto
303 1381 428 1445 sublato
451 1402 518 1444 una
542 1380 675 1444 interire
702 1383 810 1464 partes
839 1400 952 1444 omnes
975 1402 1107 1446 necesse

147 1474 205 1535 est.
241 1469 292 1534 En
320 1490 385 1553 quo
411 1468 462 1551 fit,
488 1471 526 1533 ut
553 1469 754 1553 singulorum
780 1467 918 1531 felicitas
945 1468 1107 1533 referatur

148 1560 188 1623 ad
210 1558 400 1622 felicitatem
420 1557 522 1622 totius
543 1556 699 1641 familiae,
721 1555 918 1621 familiarum
940 1556 983 1619 ad
1005 1556 1105 1621 felici·

147 1649 248 1710 tatem
271 1646 371 1710 totius
395 1645 543 1711 civitatis.
579 1644 683 1720 Quam
710 1645 796 1708 enim
818 1642 979 1707 rationem
1006 1644 1107 1709 habet

147 1756 231 1798 unus
260 1755 299 1797 ex
324 1733 448 1798 familia
471 1733 511 1798 ad
537 1733 707 1816 familiam,
734 1730 869 1796 eandem
890 1730 992 1796 habet
1013 1732 1106 1796 fami·

146 1823 192 1887 lia
215 1823 256 1888 ad
279 1823 450 1887 civitatem.
487 1820 615 1896 Quanto
642 1820 743 1904 igitur
768 1819 936 1885 universae
964 1820 1106 1885 civitatis

147 1913 270 1977 bonum
296 1911 392 1975 unius
415 1913 472 1973 aut
499 1909 576 1973 civis
600 1911 658 1973 aut
677 1907 819 1972 familiae
847 1907 935 1971 bono
958 1909 1107 1992 superius

149 2003 210 2083 est,
232 2003 325 2064 tanto
343 1998 487 2083 politice,
505 2033 548 2044 —
566 1997 613 2061 ita
632 1996 717 2061 enim
736 2017 808 2060 eam
825 1993 947 2060 Gracco
967 1996 1108 2080 quidem,

149 2089 205 2152 sed
228 2087 313 2172 quod
340 2087 405 2150 iam
432 2085 557 2171 pridem
583 2085 633 2149 ius
660 2087 758 2170 togae
784 2082 983 2167 impetravit,
1012 2106 1107 2150 voca·

147 2177 224 2241 bulo
247 2175 432 2252 nominant,
455 2210 497 2222 -
521 2173 634 2238 ceteris
661 2172 851 2257 prudentiae
878 2171 1027 2255 partibus
1052 2195 1108 2237 an·

147 2263 277 2327 tecellit.

214 2348 263 2411 Ac
288 2349 390 2413 libros
413 2349 542 2431 quidem
564 2348 755 2413 Ethicorum
778 2346 962 2412 Aristotelis
985 2348 1028 2412 ad
1051 2347 1109 2413 Ni·

149 2434 349 2519 camachum,
378 2436 494 2518 quibus
517 2458 569 2518 ea,
596 2456 677 2517 quae
701 2435 741 2497 ad
765 2435 911 2520 singulos
932 2436 1111 2522 pertinent,

149 2522 362 2588 eruditissime
390 2526 424 2586 et
451 2523 668 2605 copiosissime
701 2522 859 2605 explicata
889 2523 1112 2610 continentur,

148 2610 354 2694 interpretari
377 2610 468 2692 coepi
489 2609 551 2673 hac
573 2610 646 2694 ipsa
668 2609 703 2672 in
725 2610 836 2675 schola
863 2613 1112 2694 quatuordecim

149 2699 267 2765 abhinc
295 2698 403 2782 annis3
429 2698 582 2783 iuvatque
609 2719 661 2762 me
683 2699 838 2763 memoria
859 2703 1004 2783 repetere
1028 2704 1111 2765 tem-

148 2810 210 2874 pus
246 2788 340 2872 illud,
377 2810 450 2854 cum
485 2788 571 2852 tanti
608 2788 649 2852 ad
684 2808 736 2852 me
773 2808 946 2852 concursus
982 2786 1113 2874 fierent,

149 2878 263 2962 quanti
285 2878 395 2943 multis
420 2878 513 2943 annis
537 2881 634 2942 antea
656 2877 697 2940 ad
719 2876 881 2939 neminem
902 2874 983 2938 facti
1002 2881 1114 2960 erant;

149 2987 223 3031 cum
249 2971 343 3032 tanta
370 2967 512 3050 quotidie
540 2965 712 3029 multitudo
748 2963 935 3044 conflueret,
966 2966 1005 3026 ut
1038 2985 1114 3030 eam

148 3053 239 3116 locus
267 3056 335 3137 ipse
363 3056 416 3118 vix
449 3055 589 3135 caperet:
622 3072 723 3133 eaque
755 3073 823 3116 non
854 3050 1115 3118 adolescentium

148 3139 244 3201 modo
282 3141 426 3202 discendi
463 3138 664 3221 cupidorum,
706 3175 747 3184 -
786 3161 922 3222 quorum
958 3142 1115 3206 nonnulli

149 3224 251 3287 multo
278 3225 358 3289 facti
384 3226 533 3290 meliores
564 3224 735 3308 magistro,
768 3249 849 3309 quae
880 3229 959 3290 tunc
991 3249 1032 3291 ex
1059 3251 1115 3294 me

150 3310 329 3395 discebant,
356 3313 419 3394 ipsi
445 3311 541 3376 hodie
570 3311 650 3376 alios
680 3314 810 3398 docent,
837 3314 987 3379 nonnulli
1011 3316 1115 3382 etiam

151 3400 191 3465 ad
218 3419 353 3483 magnas
385 3399 580 3484 reipublicae
612 3404 721 3484 partes
754 3402 889 3486 admoti,
922 3424 1003 3485 quae
1031 3407 1116 3471 tunc

151 3487 338 3573 audiebant,
369 3508 407 3552 ea
434 3508 521 3552 nunc
548 3509 583 3552 re
611 3509 648 3552 ac
679 3488 774 3553 factis
807 3493 1040 3575 exsequuntur,
1069 3531 1115 3540 —
