2332 3824
101 180 165 244 164
462 177 598 234 ORATIO
616 177 691 232 XVL

99 346 156 389 cur
184 325 354 409 quisquam
381 343 493 388 eorum
525 322 564 386 de
590 343 638 406 re,
669 319 706 386 in
733 343 798 406 qua
823 344 897 386 non
925 326 1068 390 multum

99 412 198 478 studii
233 413 423 496 posuerant,
462 409 617 475 iudicium
652 410 766 494 magni
802 410 931 476 faciat?
983 413 1067 479 Boni

98 501 319 566 iurisconsulti
353 499 489 582 fuerint,
528 497 611 562 nihil
647 497 736 561 enim
770 498 931 583 impedio:
981 501 1066 566 Lati-

97 589 211 654 nitatis
243 591 328 653 certe
364 608 433 652 non
469 585 641 651 admodum
677 585 787 650 idonei
823 587 1064 655 existimatores

99 677 241 742 fuerunt.

629 753 689 812 οὐδ’
709 753 767 827 ἄρα
784 777 846 821 πως
864 751 903 828 ἦν

170 826 217 883 Ἐν
236 823 367 884 πάντεσί
388 826 492 899 ἔργοισι
510 823 641 898 debbora
659 828 741 897 φῶτα
761 827 946 901 γενέσθαι*).

97 937 275 1024 Audacter,
313 937 397 1003 dicet
428 938 558 1021 aliquis,
594 936 633 1002 de
664 936 786 1000 talibus
818 937 900 1002 viris
934 940 1061 1005 iudicas.

97 1026 263 1093 Audacius
293 1027 358 1112 ipsi
393 1025 432 1090 de
464 1024 577 1091 Tacito
613 1024 805 1089 iudicarunt.
853 1024 920 1101 Qui
959 1033 1061 1093 autem

97 1138 159 1181 nos
193 1138 315 1200 sumus,
347 1115 375 1179 si
403 1135 515 1179 omnes
546 1113 582 1177 in
608 1134 711 1214 unum
738 1112 966 1214 conferamur,
999 1117 1060 1200 qui·

99 1204 330 1373 tutata
343 1199 813 1373 liiiilliillnialiqls
832 1202 1062 1377 Vilirssllai,

99 1377 215 1462 quibus
246 1377 352 1440 adhuc
378 1375 528 1440 Romana
558 1378 672 1461 lingua
702 1375 855 1460 florebat,
889 1415 937 1426 —
970 1382 1061 1465 plane

100 1466 186 1530 enim
208 1464 318 1531 floruit
340 1486 441 1548 usque
465 1465 505 1529 ad
527 1463 744 1548 Hadrianum,
766 1499 809 1510 -
827 1464 949 1533 habito
969 1470 1060 1534 diser·

98 1554 223 1620 tissimo
238 1553 353 1618 aetatis
372 1574 463 1637 suaa,
481 1553 609 1636 sequius
627 1552 767 1617 iudicare
787 1552 994 1621 audeamus?
1020 1556 1061 1620 At

99 1642 192 1705 aliter
213 1643 358 1725 loquitur
379 1663 477 1724 quam
500 1643 556 1704 aut
574 1638 684 1705 Cicero
709 1642 766 1704 aut
784 1637 917 1706 Gaesar.
948 1642 1060 1709 Credo:

98 1729 187 1793 aliud
209 1730 296 1794 enim
324 1728 450 1793 dicendi
477 1750 579 1813 genus
607 1729 781 1792 adamaret.
818 1726 871 1793 Ne
897 1728 1060 1798 Ciceronis

99 1819 228 1903 quidem
249 1817 449 1903 temporibus
472 1837 594 1899 omnes,
622 1816 677 1900 qui
706 1814 818 1879 diserti
843 1815 1060 1903 habebantur,

99 1905 302 1972 Ciceroniani
320 1908 421 1969 erant.
451 1903 556 1968 Multa
574 1905 610 1968 in
628 1901 781 1969 Cicerone
800 1902 942 1991 Brutus,
960 1909 1061 1972 multa

100 1992 230 2079 Calvus,
257 1995 359 2058 multa
380 1992 498 2074 Pollio,
524 1991 682 2082 quaedam
708 1991 806 2055 ctiam
828 1990 965 2060 Atticus
996 2018 1060 2060 non

98 2083 290 2166 probabant.
338 2080 385 2144 At
420 2081 530 2144 multis
572 2080 718 2164 vocibus,
757 2080 868 2144 multis
907 2083 1060 2168 loquendi

100 2171 271 2253 generibus
293 2170 410 2252 utitur,
438 2168 553 2252 quibus
576 2168 767 2233 vetustiores
789 2168 841 2231 usi
863 2189 937 2234 non
960 2176 1059 2236 erant.

98 2256 243 2321 Primum
266 2279 347 2340 quae
369 2257 432 2319 hac
454 2257 489 2319 in
510 2278 546 2320 re
569 2256 664 2338 culpa
687 2255 757 2320 est?
788 2253 866 2320 Non
891 2255 1007 2325 Cicero
1030 2263 1059 2323 et

98 2345 203 2406 multa
239 2345 373 2409 novavit
408 2344 477 2427 ipse
513 2347 547 2408 et
586 2344 671 2427 aliis,
711 2346 749 2407 ut
789 2343 854 2406 alia
889 2352 1059 2428 novarent,

99 2432 213 2495 auctor
248 2431 333 2495 fuit?
379 2429 477 2495 Cuius
513 2433 563 2495 est
597 2430 677 2494 illud
712 2431 876 2515 praeclare
916 2434 1058 2500 dictum?

100 2517 189 2598 Quod
210 2517 322 2583 Cutocr'
343 2519 442 2596 lauit,
464 2519 500 2582 id
519 2537 575 2582 cur
591 2537 655 2582 reor
673 2518 763 2584 liceat
784 2518 947 2586 Varroni?
970 2523 1059 2588 Licet

98 2607 162 2670 hue
184 2605 296 2670 addas:
334 2603 703 2684 obserbaberunt
730 2607 828 2685 licuit,
856 2629 913 2672 cur
936 2632 1002 2678 noa
1025 2612 1059 2676 b'·

99 2695 196 2762 aare
219 2692 348 2760 Tacito?

204 2817 267 2888 Euo
286 2816 338 2886 (ait
355 2816 548 2887 Horatius)**)
568 2831 630 2881 cur,
649 2815 788 2884 acquirere
801 2831 913 2882 pauca,

170 2888 204 2944 Si
219 2906 343 2959 possum,
361 2889 498 2955 tevidear,
516 2904 577 2941 cum
595 2887 692 2955 linque
712 2885 825 2939 (latoria
843 2891 869 2939 et
886 2887 974 2944 Enni

170 2960 324 3015 damonem
337 2960 465 3028 patriam
482 2958 612 3012 ditaverat
630 2962 655 3011 et
672 2973 743 3011 uoce
760 2972 852 3010 rerum

169 3029 295 3084 Nomina
309 3027 480 3097 protulerit?

164 3129 269 3198 Nobis
299 3135 395 3199 hodie
427 3133 533 3196 minor
565 3131 633 3196 eius
666 3134 713 3197 rei
743 3133 875 3198 licentia
908 3142 973 3222 est,
1008 3139 1060 3224 qui

98 3216 251 3281 Latinam
273 3221 419 3303 linguam
441 3239 509 3281 non
532 3217 661 3285 aliunde
684 3243 782 3305 qnam
802 3243 818 3284 e
836 3221 931 3288 libris
948 3231 1060 3310 petere

98 3325 279 3390 possumus.
329 3305 381 3369 Illi
422 3302 592 3370 solutiores
629 3329 666 3372 ao
701 3308 881 3395 liberiores,
920 3334 1059 3397 quorum

153 3495 276 3567 ⁸)11iad.
296 3494 389 3553 XXIII
408 3500 467 3548 670.
486 3510 527 3562 sq.
600 3496 641 3567 **)
661 3497 692 3551 A.
712 3497 742 3551 P.
762 3503 804 3552 55.
824 3517 884 3570 sqq.
