2332 3824
132 118 175 182 22
508 113 644 172 ossum
663 114 713 172 111

131 261 245 349 Itaque
277 263 413 348 primus,
444 263 482 326 ut
512 259 718 344 meministis,
755 284 880 333 annus
921 269 963 336 in
999 271 1053 356 alit¹

131 351 289 418 Verrinae
324 349 538 416 accusationis
573 349 730 414 librorum
766 354 1009 438 explicatione
1043 380 1057 424 e

133 444 280 526 sumptus
294 442 357 523 est,
375 438 515 504 secundo
534 436 725 502 dissidentes
743 442 910 510 veterum
930 447 975 514 de
995 469 1064 513 sun

131 529 220 595 bono
248 526 425 593 sententias
457 526 598 611 quinque
629 524 721 590 libris
749 531 936 612 expositas
968 557 1070 602 accurs

132 614 292 702 persecuti
315 610 825 697 sumus3tertium0atilina1iae
852 620 926 686 sibi
950 624 1076 690 oration

132 703 351 786 vindicarunt,
368 702 430 767 hoc
449 705 557 767 autem
576 704 705 787 quarto,
723 721 822 785 quem
842 727 947 776 nuno
966 712 1083 778 felicibi

132 790 332 877 ingredimur
353 790 519 876 auspiciis,
546 812 626 875 quas
648 789 759 875 vobis,
778 789 991 886 Auditores,
1020 821 1090 886 quas

133 879 307 965 exquisitas
335 901 494 966 quamque
520 880 702 963 praeclaras
729 876 907 948 aridarum
940 887 1096 955 doctrina

132 970 291 1035 mentium
322 970 434 1054 epulas
466 966 631 1052 apparavit
672 965 809 1032 Decrevi
843 972 942 1038 enim
983 978 1101 1043 animoa

133 1062 258 1124 vestros
280 1058 352 1142 ipsa
374 1056 424 1121 sui
447 1056 633 1141 cognitione
655 1075 799 1140 pascere,
827 1077 1025 1149 eorumque
1048 1066 1103 1132 vin

134 1148 174 1210 ab
199 1145 348 1210 omnibus
374 1143 471 1208 rebus
498 1143 639 1209 externis
661 1145 843 1227 avocatam,
872 1148 993 1217 totam
1017 1154 1056 1218 in
1075 1172 1103 1219 ie

133 1234 237 1318 ipsam
256 1233 406 1317 colligere
425 1233 459 1297 et
476 1231 518 1296 ad
535 1235 670 1297 naturae
689 1252 765 1297 suae
783 1235 1102 1321 contemplationem

132 1322 312 1405 traducere,
347 1341 406 1386 vos
442 1321 580 1405 denique
610 1321 699 1405 ipsos
729 1319 822 1385 vobis
853 1326 1041 1394 ostendere
1075 1331 1103 1394 ot

132 1410 222 1474 illam
253 1410 381 1476 divinae
412 1430 509 1474 aurae
540 1405 784 1496 particulam*),
815 1429 900 1493 quae
933 1413 975 1478 in
1010 1417 1101 1483 nobis

134 1499 284 1563 omnibus
300 1500 390 1583 latet,
404 1494 670 1564 considerandam
683 1496 1018 1587 cognoscendamque
1031 1527 1100 1592 pro

133 1605 261 1672 ponere.
297 1585 517 1652 Excutiendae
548 1585 643 1650 nobis
675 1587 771 1650 erunt
801 1605 915 1651 omnes
949 1596 1100 1659 veterum

132 1674 401 1762 philosophorum
418 1673 646 1758 bibliothecae,
665 1673 893 1758 perlustranda
910 1680 1027 1746 omnis
1047 1703 1100 1746 an·

133 1764 280 1850 tiquitas,
310 1761 497 1847 replicanda
528 1762 674 1828 omnium
704 1765 849 1828 veterum
879 1761 1099 1834 historiarum

133 1856 479 1937 monumentorumque
502 1851 669 1934 memoria,
692 1854 730 1916 ut
752 1849 905 1934 sciamus,
933 1855 1017 1936 quid
1042 1856 1099 1922 ho·
1165 1915 1166 1946 ,

133 1943 236 2008 mines
264 1940 494 2026 sapientissimi
525 1939 564 2005 de
595 1939 746 2004 humanis
778 1938 894 2004 animis
923 1945 1099 2029 senserint,
1165 1955 1166 1964 ’

134 2032 250 2114 quibus
268 2031 449 2096 rationibus
468 2031 501 2094 et
518 2027 718 2114 argumentis
733 2026 862 2092 adducti
880 2025 1012 2096 divinos
1027 2053 1098 2098 esse

133 2137 189 2181 eos
217 2121 250 2181 et
275 2118 426 2182 interitus
453 2121 598 2201 exportes
626 2138 699 2181 cum
727 2115 802 2200 sibi,
827 2119 898 2180 tum
926 2115 1001 2182 aliis
1024 2141 1097 2204 pen

132 2204 307 2286 suaserint,
325 2202 520 2288 exagitanda
538 2207 571 2267 et
588 2202 794 2287 coarguenda
813 2224 925 2268 eorum
943 2207 1097 2292 caecitas,

134 2292 289 2375 amentia,
315 2290 515 2373 immanitas,
543 2290 599 2373 qui
626 2290 690 2353 alia
716 2289 752 2352 in
775 2291 928 2374 opinione
954 2292 1096 2379 fuerint3

134 2379 373 2444 confirmandus
392 2400 430 2444 ac
447 2377 640 2444 muniendus
660 2377 786 2442 animus
805 2378 958 2445 adversus
976 2384 1095 2449 mortis

131 2470 268 2552 metum3
286 2466 480 2553 proferenda
493 2465 638 2549 exempla
651 2486 776 2551 eorum,
795 2467 851 2552 qui
867 2470 1007 2533 mortem
1020 2493 1095 2555 par·

130 2555 193 2619 tim
216 2557 445 2621 adventantem
467 2553 645 2638 despicatui
662 2552 837 2621 habuerint
855 2577 892 2620 ec
909 2575 969 2639 pro
987 2556 1095 2625 nihilo

132 2645 331 2727 putaverint,
354 2643 474 2728 partim
495 2643 594 2708 etiam
616 2645 823 2710 cunctantem
849 2642 963 2727 cupide
986 2665 1096 2711 accer-

133 2730 256 2796 sierint.
298 2730 402 2797 Stulte
429 2732 478 2797 illi
510 2731 652 2817 quidem,
684 2733 740 2797 sed
770 2737 881 2799 tamen
911 2733 949 2795 ut
980 2738 1095 2816 aperte

135 2819 354 2904 ostenderent,
382 2842 415 2885 se
443 2822 534 2887 nullo
563 2821 659 2886 modo
687 2821 727 2886 de
754 2822 935 2887 animorum
961 2818 1094 2887 immor·

133 2906 260 2971 talitate
284 2907 444 2992 dubitare,
471 2912 509 2973 ut
536 2907 698 2993 corporeis
725 2909 861 2975 vinculis
885 2907 972 2973 exuti
994 2928 1031 2973 ac
1054 2909 1094 2975 li·

133 2992 203 3056 beri
234 2995 271 3058 in
301 2995 374 3058 illas
407 2994 511 3079 sedes,
543 2995 578 3060 in
611 2996 727 3080 quibus
758 3020 857 3082 puros
889 3018 909 3060 a
936 2996 1094 3062 scelerum

134 3081 330 3166 contagione
354 3083 479 3146 animos
502 3086 577 3166 post
600 3085 725 3149 obitum
747 3084 869 3150 versari
892 3087 1094 3170 acceperant,

135 3168 309 3234 evolarent.
351 3168 379 3234 0
406 3170 607 3255 praeclaram
639 3172 892 3257 disputationem
923 3173 957 3236 et
982 3175 1092 3239 vestro

191 3382 218 3450 *)
235 3378 333 3435 Horat.
353 3380 412 3435 Sat.
431 3380 465 3435 11.
485 3384 510 3433 2.
530 3384 572 3433 79.

249 3451 343 3521 Atque
362 3450 454 3522 affigit
471 3450 556 3505 humo
575 3448 686 3506 divinoe
699 3466 748 3521 pm
761 3450 780 3462 ’“
889 3460 982 3502 wac.
