2332 3824
127 196 189 260 118
509 191 646 249 ORATIO
664 191 725 247 XIL

124 341 202 408 ordo
227 363 246 405 a
268 341 479 426 praepotente
501 337 571 403 Deo
595 337 802 418 constitutus,
823 335 863 398 ut
885 355 972 419 quae
996 358 1090 420 prae

124 430 283 495 etanticra
309 431 399 512 sunt,
424 427 598 512 imperent,
625 446 706 509 quae
729 422 903 506 deteriora,
933 425 1090 490 serviant.

124 517 296 583 Praestent
318 519 426 581 autem
449 516 593 580 animata
618 513 786 594 inanimis,
813 511 992 576 sentientia
1020 534 1090 579 non

124 606 350 688 sentientibus,
381 607 488 668 mente
515 601 662 688 praedite
687 603 795 665 mente
823 600 1029 685 carentibus,
1056 605 1089 666 et

124 717 163 759 ex
185 695 224 758 iis
242 692 335 778 ipsis,
358 713 440 776 quae
458 695 566 756 mente
584 689 731 775 praedite
754 691 843 772 eunt,
866 690 904 753 ut
928 688 1087 774 cuiusque

123 803 214 846 mens
237 780 411 866 perfectior
433 782 495 864 est,
516 779 564 844 ita
585 779 621 843 in
644 778 693 842 sui
716 776 843 863 generis
867 775 932 840 alia
952 780 1088 843 aeterna

124 869 263 954 quadam
291 871 324 933 et
350 867 545 934 immutabili
575 869 711 932 naturae
742 865 843 950 ipsius
875 865 950 950 lege
983 865 1086 932 dorni-

22 1016 28 1030 ,
122 960 229 1022 natur.
269 956 529 1041 Uniuscuiusque
557 957 667 1020 autem
692 952 739 1018 rei
765 952 922 1038 perfectio
947 957 1000 1018 est
1029 976 1086 1020 sua

124 1045 277 1131 cuiusque
303 1046 414 1110 virtus.
450 1043 555 1121 Quare
583 1046 617 1107 et
643 1063 725 1126 quae
746 1041 850 1108 virtue
876 1042 1015 1125 propria
1038 1047 1086 1108 est

123 1135 241 1200 mentis
263 1135 437 1217 humanae,
459 1131 570 1196 eadem
591 1130 679 1196 illius
696 1129 852 1215 perfectio
871 1132 971 1214 atque
990 1131 1083 1198 abso·

122 1224 203 1287 lutio
227 1226 285 1286 est

189 1307 293 1385 Quam
315 1308 415 1393 igitur
436 1307 597 1372 humanae
620 1306 739 1372 mentis
761 1307 916 1372 virtutem
938 1326 1010 1372 csse
1039 1308 1083 1374 di·

123 1419 243 1482 cemus,
267 1398 324 1461 aut
346 1417 443 1480 quam
464 1396 551 1460 illius
573 1395 780 1480 reperiendae
801 1395 965 1460 rationem
986 1396 1082 1462 inibi·

122 1486 216 1552 mus?
252 1484 377 1570 Nempe
401 1485 429 1549 si
455 1484 541 1550 oculi
562 1484 716 1550 virtutem
738 1503 979 1568 quaereremus,
1008 1506 1082 1550 con-

122 1575 328 1640 stitueremus
357 1577 432 1638 ante
460 1573 582 1658 omnia,
610 1570 773 1657 quodnam
801 1575 886 1636 esset
912 1573 1081 1657 proprium

122 1684 203 1747 opus
227 1663 324 1746 oculi,
352 1662 438 1745 quod
460 1683 591 1746 munuc,
619 1681 701 1745 quae
727 1659 866 1743 functi03
893 1681 958 1744 quo
982 1663 1081 1727 semel

121 1750 228 1835 posito
247 1770 285 1815 aa
302 1750 493 1833 constituto,
514 1752 585 1814 tum
602 1748 730 1832 deinde,
753 1769 834 1831 quae
853 1748 939 1813 oculi
953 1749 1081 1815 affectio

122 1861 237 1905 caussa
259 1842 356 1921 esset,
382 1842 420 1902 ut
442 1839 553 1903 oculus
581 1837 702 1921 optime
729 1856 788 1901 suo
810 1857 943 1901 munere
966 1837 1081 1924 funge-

122 1931 223 2012 retur3
252 1950 323 1992 eam
350 1925 552 1991 affectionem
578 1926 731 1990 virtutem
757 1945 826 1989 esse
854 1924 940 1989 oculi
963 1925 1081 1991 dicere·

121 2039 203 2082 mus.
239 2016 359 2081 Mentis
387 2037 468 2099 opus
496 2018 545 2078 est
571 2014 692 2098 videre,
719 2033 861 2096 cernere,
887 2012 1080 2100 intelligere,

123 2127 308 2170 caussarum
326 2107 499 2188 eteorum,
519 2125 600 2186 quae
617 2102 702 2166 fiunt
720 2123 759 2165 ex
776 2100 911 2183 caussis,
933 2103 1080 2168 ordinem

123 2215 161 2257 ac
188 2193 423 2258 connexionem
449 2191 577 2256 intueri.
619 2189 682 2255 Sed
709 2210 833 2273 eorum,
861 2210 943 2272 quae
972 2194 1081 2257 mente

123 2283 310 2363 cernuntur,
331 2280 396 2343 tria
419 2300 538 2363 genera
560 2282 649 2343 sunt:
672 2300 773 2343 unum
795 2298 919 2360 eorum,
942 2297 1082 2360 quorum

122 2366 308 2450 cognitione
337 2369 371 2429 et
395 2366 611 2450 intelligentia
636 2366 684 2429 ita
710 2366 884 2449 pascimur,
915 2369 953 2430 ut
980 2367 1017 2432 in
1045 2390 1083 2433 ea

122 2453 386 2537 conquiescamus
399 2474 504 2536 neque
519 2456 697 2536 spectemus
712 2452 789 2536 ali03
808 2454 946 2518 alterum
960 2475 1084 2540 eorum,

122 2562 204 2625 quae
227 2540 460 2622 adactionem,
481 2539 613 2603 tertium
635 2560 759 2625 eorum,
783 2562 865 2625 quae
882 2541 924 2606 ad
941 2543 1084 2610 molitio·

121 2650 197 2694 nem
211 2627 345 2693 alictiius
364 2627 470 2712 operis
484 2627 747 2712 affectionemque
760 2630 953 2695 referuntur.
980 2630 1085 2699 Primi

122 2716 249 2802 generis
273 2718 362 2802 sunt,
386 2737 467 2802 quae
490 2716 529 2782 de
552 2717 656 2803 primo
679 2739 787 2782 rerum
805 2720 879 2784 ortu
902 2739 941 2782 ac
962 2721 1085 2803 princi·

122 2804 198 2890 piis,
222 2807 261 2872 de
284 2807 472 2893 corporibus
495 2807 700 2891 coelestibus,
723 2807 762 2871 de
781 2805 902 2872 caussis
919 2805 1085 2896 imbrium,

122 2898 306 2981 ventorum,
339 2896 534 2984 grandinum
565 2897 769 2978 eiusdemque
801 2893 928 2981 generis
960 2895 1036 2963 aliis
1065 2921 1086 2964 a

121 2982 325 3068 philosophis
363 2986 576 3068 disputantur.
621 2981 674 3047 Ad
711 2983 872 3049 actionem
906 2983 1086 3074 pertinent,

122 3089 204 3150 quae
229 3072 268 3134 de
290 3072 489 3136 instituenda
511 3072 579 3135 vita
601 3071 905 3156 conformandisque
926 3073 1088 3162 moribus,

122 3154 161 3218 de
195 3158 284 3220 omni
316 3180 432 3242 genere
465 3157 577 3240 officii,
609 3158 648 3222 de
676 3159 849 3224 virtutibus
878 3159 1018 3244 denique
1045 3184 1088 3231 ac

121 3242 208 3308 vitiis
242 3244 449 3311 disseruntur.
490 3243 543 3308 Ad
570 3267 704 3329 operum
731 3251 839 3313 autem
871 3248 1089 3341 effectionem,

123 3352 205 3417 quae
227 3330 409 3418 fabrorum,
437 3332 699 3419 architectorum,
724 3335 885 3421 fusorum,
911 3335 1090 3429 pictorum,

123 3419 352 3486 statuariorum
380 3425 414 3486 et
439 3421 554 3486 talium
587 3423 738 3507 opificum
769 3424 950 3510 praeceptis
978 3428 1090 3497 conti·

123 3513 250 3576 nentur.
